4084 6350
286 388 339 444 ιιι

286 504 397 561 deberet
421 501 447 555 in
472 498 572 555 uicinas
595 494 675 550 urires
690 506 808 548 manare.
829 492 881 547 Pro
899 495 1080 545 mercantem

286 607 337 651 sno
349 592 458 649 intrarit
471 590 567 646 Pauirrs
581 587 608 642 iu
624 572 787 658 synagogam
800 582 967 639 ludeurum.
979 580 1080 648 Quam-

286 689 328 744 uis
339 686 454 751 dixerat,
477 680 650 738 Convenimus
666 678 700 732 ad
714 684 798 747 pentes
811 674 880 747 (det.
896 674 940 730 ts.
954 670 1011 747 to).
1028 687 1080 726 uon

286 778 456 849 relinquebat
471 774 550 838 iilos3
566 771 613 827 sed
628 785 725 841 magno
744 769 806 824 iilos
827 767 916 822 strrdio
934 778 1085 837 proseque-

286 872 376 928 batur.
392 868 459 923 dudi
474 868 547 923 enirn
562 865 637 920 ilium
658 863 812 922 dicentem:
827 858 942 926 Fratres,
962 855 1081 928 sarrepta:

287 965 365 1018 citum
382 958 467 1016 cordis
486 958 545 1023 snei,
561 966 586 1012 et
606 956 717 1027 marolio
737 954 771 1008 ad
787 944 869 1008 Deum
884 966 931 1023 pro
952 950 1034 1006 lnacl
1045 958 1081 1005 est

287 1052 441 1110 adsalutem
458 1050 546 1124 (Rom.
559 1038 603 1105 id.
614 1047 640 1121 i)
650 1063 659 1114 ;
670 1043 707 1116 et,
719 1046 854 1117 Cupiedam
873 1045 1008 1100 anathema
1028 1058 1082 1099 esse

285 1162 303 1201 a
317 1144 418 1203 cbristo
432 1140 614 1215 propatulus
630 1140 692 1195 accis
706 1136 789 1209 (ibid.
810 1136 837 1194 9.
853 1134 893 1208 ι).
913 1136 970 1191 iioc
990 1141 1080 1189 autern

190 1275 193 1282 ι
287 1238 401 1296 iaciebat
414 1244 523 1305 propter
537 1229 741 1303 promissionem
762 1228 808 1285 bei
822 1237 849 1285 et
870 1225 993 1299 gloriam,
1006 1231 1035 1280 et
1047 1236 1085 1279 ne-

197 1364 203 1375 .
261 1367 267 1377 .
287 1334 339 1387 icoc
353 1328 541 1385 oderrrircuium
556 1333 628 1381 esset
640 1322 775 1395 gent'dms.
795 1320 829 1375 ιιι
843 1337 889 1393 per
908 1318 1013 1374 sabbata
1032 1316 1081 1371 tria

287 1419 424 1477 disserebat
445 1418 481 1473 eis
501 1417 532 1471 de
552 1414 702 1484 Scriptraris,
725 1412 875 1481 adaperiens
896 1418 919 1465 et
938 1409 1079 1473 insinuans,

286 1514 347 1585 puin
359 1512 488 1567 Cltristmu
502 1508 613 1577 oportuit
628 1506 682 1578 pati
699 1513 723 1559 st
741 1518 872 1572 resurpcrc
890 1501 1044 1562 antortuis‚·
1058 1510 1081 1552 ct

286 1606 346 1675 puin
359 1598 487 1657 dicimus
501 1599 627 1665 Cdristus,
642 1612 716 1667 quem
735 1610 781 1668 epo
795 1592 919 1647 eminentie
933 1590 1013 1646 nodis.
1036 1590 1081 1645 ti·

285 1694 421 1751 desiliam
436 1700 498 1747 autc
517 1688 607 1746 omnia
623 1687 774 1758 passionem
798 1680 964 1756 praedicaret
984 1681 1029 1738 Sie
1044 1681 1081 1736 ilii

287 1802 341 1844 non
353 1782 560 1848 erubescebant,
574 1778 622 1836 sed
635 1777 756 1834 sciebant
770 1775 823 1831 hoc
837 1773 954 1830 salutare
966 1786 1036 1827 esse.
1052 1771 1079 1826 ι.

286 1878 321 1934 ιιι
335 1878 439 1947 qnidam
451 1892 483 1931 ca
495 1875 532 1930 eia
544 1869 716 1936 crediderunt,
727 1878 750 1925 et
762 1866 875 1938 adjuncti
889 1874 948 1920 turn
962 1862 1045 1919 Paulo
1058 1872 1082 1918 et

286 1972 361 2039 sua,
377 1977 400 2024 ct
420 1968 452 2023 dc
472 1964 611 2022 colentibus
632 1961 767 2034 pentiiidus
787 1957 921 2013 assultitndo
940 1972 1043 2028 acapna,
1058 1964 1081 2009 et

176 2098 181 2107 ·
284 2063 402 2118 mulieres
416 2056 510 2115 nobiles
520 2072 571 2111 non
582 2070 679 2126 pauca.
694 2054 831 2108 Summam
842 2048 909 2105 dixit
922 2046 1060 2103 concionis
1073 2064 1080 2101 :

285 2156 321 2210 its
342 2150 446 2207 alienus
458 2156 527 2205 estu
546 2143 738 2216 superfluitate,
762 2156 811 2197 nec
827 2139 924 2209 ubique
939 2136 1082 2192 conciones

284 2252 355 2299 totas
368 2240 473 2297 recitat.
494 2238 521 2294 5.
544 2235 662 2292 Zdantes
681 2244 766 2287 autem
786 2228 873 2285 Judoei
892 2226 1025 2293 increduli,
1041 2244 1082 2280 ar·

285 2340 459 2403 sumerttesquc
468 2330 499 2384 dc
509 2328 584 2398 orclpo
599 2328 665 2382 siros
677 2324 801 2397 quosdam
813 2320 903 2386 stratos,
919 2330 942 2375 et
955 2318 1053 2391 turdos
1069 2348 1081 2358 ·

284 2436 325 2481 cta
338 2422 525 2479 concitauerunt
539 2420 664 2474 ciuitatem
672 2431 681 2482 ,·
695 2424 719 2469 ct
734 2412 878 2468 invadentes
890 2410 993 2465 dannan
1002 2402 1081 2462 daso-

284 2515 334 2581 ns‘s,
349 2512 550 2586 querelantem
571 2509 710 2580 producere
727 2505 754 2559 iu
777 2501 918 2575 populum,
933 2500 959 2557 6.
978 2510 1002 2554 ct
1023 2515 1080 2555 curn

284 2623 336 2663 non
350 2604 502 2661 inuenissent
513 2616 567 2667 cos,
579 2604 711 2653 trasmnnt
721 2594 843 2649 iasonem
855 2600 880 2647 ct
893 2592 1016 2664 quosdam
1027 2594 1081 2663 [ra-

284 2709 335 2754 tres
346 2697 381 2751 ad
395 2695 522 2766 principes
530 2690 650 2758 ciuitatis,
660 2688 798 2744 clamantes
809 2703 818 2741 .·
829 2685 865 2741 ιιι
874 2694 932 2741 sunt
943 2686 986 2763 aui
994 2685 1080 2740 urbem

284 2790 420 2854 corrcltant,
435 2796 457 2841 et
470 2787 518 2841 buc
529 2790 657 2848 renuunt,
671 2780 697 2839 7.
711 2772 774 2852 arios
785 2780 895 2851 suscepit
906 2778 988 2835 lason
997 2797 1008 2847 ,·
1018 2788 1041 2835 ct
1054 2778 1081 2833 ιιι

285 2879 481 2936 οιιιιιιίιιιιι
504 2877 604 2931 decreta
626 2872 734 2929 casaris
757 2871 865 2943 larium,
890 2886 974 2942 nepem
999 2869 1081 2925 atium

285 2973 397 3027 dicentes
410 2984 462 3025 essc
473 2966 571 3022 lesum.
585 2962 608 3020 0
625 2961 839 3019 accusationem!
856 2960 959 3016 iirrrsus
974 2960 1081 3016 rioiatse

627 344 655 437 s.
675 378 813 435 sumus
831 370 1071 433 errrrusosrom
1091 366 1247 425 taetrum.
1270 367 1535 427 consumtum.
1857 378 1900 438 m

1134 484 1285 553 uiabantur,
1307 485 1367 541 ideo
1387 485 1443 555 ipse
1462 502 1477 540 a
1496 482 1640 554 Scripturis
1659 482 1772 540 disserit.
1790 484 1849 543 iiam
1864 496 1899 563 qni

1133 591 1181 647 per
1195 576 1250 631 suia
1275 576 1350 647 signa
1377 575 1537 646 persuadere
1558 581 1680 639 conatur,
1699 574 1758 647 jure
1779 592 1901 649 suspectus

1132 674 1175 722 est
1189 682 1195 721 :
1211 667 1255 736 qui
1272 681 1334 721 uera
1348 681 1381 722 ex
1400 664 1546 737 Scripturis
1561 664 1710 736 persuadet,
1731 682 1781 722 uon
1801 673 1864 725 venit
1879 674 1901 729 in

1133 758 1205 814 iliam
1221 759 1412 829 suspicionem.
1426 760 1460 814 iit
1478 772 1551 829 saepc
1564 758 1713 813 invenimus
1725 774 1783 815 eum
1797 760 1901 821 doctriua

1134 848 1294 920 persuadere
1305 868 1312 915 ;
1325 864 1439 919 cumque
1459 858 1548 905 autem
1562 842 1709 905 Antiochia
1724 848 1836 918 doceret,
1850 868 1902 910 cun·

1132 951 1239 1015 gregata
1259 941 1347 999 estad
1368 942 1442 997 iilum
1460 942 1556 998 ciuitas
1572 959 1578 995 :
1592 941 1628 995 ita
1646 956 1769 1012 magnum
1787 944 1901 1013 quodiam

1133 1034 1185 1091 hoe
1198 1043 1249 1101 est,
1262 1049 1312 1091 nee
1329 1036 1433 1107 signum
1454 1034 1554 1099 minus,
1568 1032 1615 1089 sed
1637 1044 1702 1088 sane
1718 1034 1859 1091 marimum.
1874 1038 1902 1094 iit

1133 1142 1167 1183 ne
1180 1137 1303 1198 putarent
1321 1143 1350 1185 se
1370 1136 1453 1185 totum
1473 1112 1563 1200 poss'e,
1582 1124 1712 1199 permittit
1727 1128 1796 1183 beas
1814 1139 1839 1184 ut
1855 1130 1902 1201 pel·

1133 1216 1231 1271 tantur.
1249 1216 1307 1272 Duo
1319 1216 1390 1274 cuim
1406 1218 1469 1273 irinc
1486 1215 1698 1289 proveniebant:
1715 1230 1765 1271 non
1778 1218 1853 1273 altum
1866 1236 1902 1275 su·

1133 1308 1242 1379 piabant
1252 1306 1327 1380 quasi
1343 1306 1393 1380 ipsi
1407 1317 1588 1380 superassent,
1610 1322 1696 1379 neqrre
1714 1308 1869 1364 terrebantur
1881 1321 1904 1367 ut

1133 1402 1190 1468 rei;
1211 1402 1246 1457 ita
1263 1415 1295 1457 err
1311 1402 1460 1457 ceconomia
1480 1407 1548 1465 erat,
1562 1399 1633 1469 quud
1648 1408 1812 1454 uocarentur.
1829 1398 1903 1455 Caten-

1133 1493 1195 1547 tium
1210 1488 1351 1564 portellium,
1368 1491 1463 1561 inquit,
1478 1490 1622 1556 multitudo,
1636 1498 1659 1544 ct
1678 1504 1709 1543 es
1725 1490 1849 1561 pentitibus
1868 1492 1905 1545 io·

1133 1585 1209 1637 uestis
1221 1580 1366 1637 rrrulicribus
1378 1592 1402 1637 ct
1416 1598 1447 1636 eu
1463 1582 1522 1637 uiris
1537 1598 1588 1636 non
1603 1580 1681 1651 pauci
1698 1580 1856 1635 crediderunt.
1871 1580 1903 1636 liii

1133 1691 1197 1731 uero
1212 1685 1315 1731 eornm.
1336 1672 1477 1743 Quomodo
1501 1682 1590 1729 autem
1612 1668 1658 1742 qui
1682 1670 1756 1737 dicit,
1779 1669 1810 1724 b't
1827 1674 1904 1726 nosad

1133 1779 1228 1841 penites,
1248 1768 1288 1823 illi
1301 1777 1385 1822 autem
1396 1767 1431 1820 ad
1445 1765 1661 1821 circumcisionem
1679 1761 1751 1831 ilict.
1770 1762 1796 1817 2.
1810 1760 1845 1834 9),
1855 1780 1903 1819 eum

1133 1860 1233 1915 tudrnis
1254 1858 1425 1915 disserebat?
1440 1856 1496 1914 iioc
1514 1855 1707 1911 exabundanti
1726 1852 1841 1909 iaciebat.
1861 1854 1903 1909 Sed

1133 1952 1156 2007 si
1170 1951 1269 2006 iudanis
1288 1951 1421 2005 disserere
1438 1948 1588 2018 oportebat,
1602 1944 1737 2018 quomodo
1756 1960 1853 2000 rursum
1873 1946 1904 2000 di·

1134 2042 1210 2097 ccbat
1226 2060 1232 2095 ι
1251 2042 1301 2109 Qui
1316 2042 1382 2095 enirn
1402 2052 1519 2110 operatus
1537 2022 1574 2093 est
1594 2038 1634 2093 ilii
1650 2036 1677 2091 iu
1697 2036 1902 2101 circumcisionem,

1134 2142 1251 2207 operatus
1262 2142 1297 2188 est
1308 2132 1370 2187 srrilsi
1383 2133 1448 2186 inter
1457 2139 1542 2203 perusa
1555 2128 1636 2201 (ibid.
1653 2145 1678 2185 u.
1695 2128 1723 2199 8)
1734 2129 1746 2181 ι
1758 2128 1829 2185 Sicut
1838 2128 1904 2183 etiarn

1134 2225 1171 2281 iiii
1194 2224 1318 2295 gerrtibus
1342 2209 1531 2295 ionrrebantuc,
1555 2222 1617 2278 iicet
1637 2219 1671 2276 ad
1694 2216 1904 2276 circumcisionem

1133 2316 1265 2389 segregati
1283 2334 1290 2371 ε
1306 2314 1343 2371 ιιι
1362 2326 1389 2371 ιι
1405 2315 1447 2371 iric
1470 2316 1567 2385 ssepius
1590 2330 1651 2369 euru
1673 2312 1796 2383 gerrtibus
1816 2312 1903 2383 agebat,

1134 2425 1184 2465 uec
1197 2418 1285 2465 tanen
1301 2407 1408 2466 Judmos
1427 2406 1588 2480 rnegiigebat,
1612 2414 1641 2461 ut
1656 2420 1690 2461 nc
1712 2404 1859 2461 riderentur
1874 2404 1905 2459 di-

1134 2500 1181 2556 uisi
1197 2514 1266 2556 csse.

1167 2594 1194 2649 ι.
1216 2592 1268 2649 Cur
1296 2592 1395 2648 Paulus
1413 2594 1439 2647 iu
1459 2608 1602 2665 spiropopas
1627 2588 1830 2646 intrarem-iit
1850 2602 1904 2659 qud·

1134 2686 1225 2753 modo,
1238 2685 1353 2755 inquies,
1368 2686 1442 2757 prius
1452 2685 1479 2740 in
1490 2698 1639 2757 synagogas
1650 2682 1787 2739 intrabat?
1797 2682 1844 2737 Sed
1853 2698 1905 2753 gen·

1133 2776 1224 2833 sitibus
1239 2776 1416 2847 persuadebat
1428 2791 1476 2848 per
1487 2774 1604 2843 iudces,
1620 2784 1648 2831 ct
1660 2791 1693 2831 ex
1708 2775 1810 2845 iisque
1823 2774 1905 2830 lutrinis

1133 2868 1249 2925 dicebat.
1265 2867 1373 2923 Sciebat
1384 2867 1455 2923 enim
1470 2866 1521 2922 iroe
1535 2865 1681 2937 gentitibus
1700 2864 1734 2922 ad
1749 2864 1825 2921 tidem
1838 2866 1906 2921 addu-

1133 2959 1226 3017 cendis
1242 2958 1368 3014 idoneum
1382 2972 1454 3015 esse.
1469 2955 1533 3012 ideo
1551 2956 1656 3013 dicebat
1670 2977 1677 3013 :
1691 2955 1724 3012 ln
1742 2966 1856 3026 qnantum
1871 2972 1906 3025 epo

285 3060 432 3133 narniestatis
441 3063 568 3113 accusant
580 3068 638 3120 eos,
647 3051 776 3118 Dicentur,
790 3051 927 3128 inquiunt,
938 3065 992 3104 esse
1001 3048 1081 3104 atium
1132 3068 1188 3106 auur
1202 3050 1312 3123 pontium
1334 3050 1465 3121 apostolus
1485 3048 1573 3123 (ιιοιι.
1597 3047 1640 3102 tt.
1666 3046 1723 3119 ιι).
1750 3046 1906 3118 Epistoiaenue

284 3167 368 3225 iidem
381 3148 482 3205 leiim·
499 3145 526 3202 ⁸·
547 3143 740 3202 &diffidendi
757 3150 840 3195 antem
854 3139 954 3211 vitiem
972 3148 996 3195 ιι
1010 3140 1080 3210 pn'n·
1133 3138 1192 3216 ejus
1206 3158 1299 3202 omnes
1313 3150 1406 3200 eontra
1419 3141 1526 3199 ludaeos
1538 3148 1675 3199 certamen
1693 3139 1842 3212 praeierunt.
1854 3138 1906 3207 osia

284 3247 353 3317 cipes
365 3240 472 3298 ciuitatis
482 3237 613 3293 audientes
627 3236 689 3291 dccc.
704 3233 732 3289 9.
747 3233 780 3287 ιιι
793 3241 897 3306 accepta
909 3231 1082 3301 satisfactione
1134 3238 1273 3303 cnr-inrum,
1296 3235 1392 3308 inquit,
1414 3234 1543 3307 oportebat
1562 3235 1626 3304 pati.
1650 3233 1680 3290 Si
1706 3232 1759 3304 pati
1775 3231 1905 3302 oportebat,

285 3335 410 3391 “lam
423 3341 447 3387 ιι
458 3346 475 3386 ⁶
488 3329 595 3393 illm·
609 3323 758 3381 didimi&
773 3339 824 3380 0⁰⁸·
840 3321 1021 3390 diminutius
1035 3323 1080 3378 1¹¹0
1133 3346 1198 3402 ergo
1210 3339 1238 3386 et
1257 3343 1411 3400 resurgerc;
1435 3327 1487 3384 boe
1508 3328 1580 3384 cuim
1601 3326 1682 3398 longe
1705 3326 1848 3385 mirabilius
1863 3335 1904 3392 est,

285 3429 327 3483 nir
340 3434 408 3491 erat,
432 3424 478 3495 qui
500 3419 616 3492 pericula
641 3416 740 3484 adibat,
761 3425 789 3473 et
810 3416 936 3472 errriserat
953 3431 1011 3471 eos.
1035 3414 1079 3471 to.
1133 3435 1212 3492 qrram
1232 3418 1308 3475 iilud.
1331 3417 1360 3476 Si
1379 3419 1596 3490 antummum
1620 3417 1691 3474 nibil
1712 3419 1903 3490 injusteegerar,

287 3519 394 3575 Fratres
405 3529 465 3570 ocro
485 3511 616 3582 confestim
630 3523 675 3580 per
694 3515 791 3562 noctem
804 3507 953 3562 dinriscrunt
969 3504 1082 3562 Paulum

287 3619 312 3664 et
324 3608 408 3666 Silam
420 3606 448 3660 in
459 3601 584 3658 flmoenm.
601 3600 651 3667 Qui
665 3613 722 3652 curu
738 3598 872 3664 uenissent,
885 3599 913 3652 in
925 3613 1081 3670 mnapopam

287 3700 437 3756 Judoeonms
456 3693 616 3749 introicrunt.
632 3690 676 3746 ii.
700 3688 735 3744 tit
750 3697 834 3744 antem
852 3697 924 3744 erasit
945 3687 1082 3765 nobiliores

282 3804 385 3855 corum,
400 3786 513 3857 quisunt
525 3779 718 3846 Thessalonicae,
741 3781 784 3851 qui
804 3790 967 3850 susceperunt
980 3779 1082 3834 uerbum

183 3894 188 3902 '
286 3897 346 3937 cum
361 3879 430 3935 muni
442 3875 572 3941 auiditate,
595 3871 707 3946 quotidie
727 3880 868 3926 scrutantes
884 3870 1044 3942 Scripturas,
1060 3871 1083 3925 si

182 3971 188 3982 '
288 3970 392 4028 tamur
410 3983 439 4023 sc
454 3965 584 4020 Ιιαιιιιιι.
605 3961 758 4027 Nobiliorcs,
774 3960 871 4029 innuit,
890 3960 917 4014 id
938 3969 990 4027 est,
1005 3974 1083 4015 man·

287 4061 429 4121 suetiorcs.
451 4058 485 4114 Et
506 4055 578 4122 uide,
600 4069 653 4110 uon
677 4051 867 4124 perfunctorie,
889 4050 938 4107 sed
959 4059 1083 4108 accurate

287 4155 475 4213 scmtabsntur
490 4149 650 4224 ,Scripturas
673 4145 718 4216 (id
740 4145 812 4200 enim
839 4143 971 4215 significat
995 4143 1080 4212 iliud,

287 4234 443 4321 incapacem
457 4243 580 4299 ruebant
591 4239 690 4311 quippe
702 4252 735 4293 cr
749 4236 814 4308 ipsis
831 4236 961 4293 certiores
974 4235 1031 4292 deri
1048 4235 1083 4294 de

289 4340 415 4412 passione
426 4351 435 4401 ;
446 4334 502 4404 iam
514 4334 585 4388 cuiun
601 4329 780 4386 crediderant.
793 4327 837 4384 ιι.
851 4327 886 4382 Et
899 4329 974 4383 nrulti
982 4329 1083 4398 quidem

289 4427 450 4486 crediderunt
461 4415 495 4480 sa
514 4424 560 4490 eis,
573 4433 597 4478 et
616 4421 734 4476 mulieres
746 4420 852 4492 pmtiles
872 4421 983 4476 donestas
994 4429 1018 4476 st
1036 4421 1083 4477 oiri

290 4541 341 4580 stoa
355 4521 439 4594 pauci.
455 4516 499 4577 ts.
511 4516 577 4574 Cum
586 4525 668 4570 wem
680 4516 854 4586 coercuissent
863 4513 889 4569 in
902 4512 1084 4570 Thessalonica

290 4614 388 4680 dadai,
401 4611 462 4682 quia
475 4616 500 4665 ot
513 4606 608 4663 dimna
621 4605 789 4676 predicatum
801 4613 866 4658 csta
880 4603 964 4659 Paulo
981 4604 1083 4660 necdum

292 4707 351 4776 bet,
366 4710 487 4761 ocemont
499 4709 524 4756 et
540 4698 603 4754 illuc
615 4705 798 4753 conrrrcoocntcs
816 4695 1016 4753 multitudinem.
1037 4697 1082 4754 ld.

293 4801 436 4870 Statimque
450 4804 510 4848 tunc
523 4788 635 4845 Paulum
655 4789 805 4844 dimiserunt
823 4792 926 4861 fratres,
946 4798 975 4843 ut
991 4790 1085 4844 ueniret

290 4907 370 4964 respue
382 4889 417 4944 ad
429 4899 500 4941 marc
512 4898 522 4938 .·
536 4881 606 4938 Silas
617 4888 700 4936 autem
715 4889 739 4935 et
753 4878 897 4935 Tinrottrens
909 4889 1085 4939 consuaserunt

290 4985 336 5041 ιιι.
351 4981 419 5038 i'ide
439 4976 515 5034 iilum
534 4981 563 5030 et
581 4972 721 5048 cedentem
735 4979 763 5028 ct
782 4974 935 5038 instantem,
949 4974 1085 5045 multaque

277 5076 501 5143 ,transsumere
523 5063 675 5121 lactentem.
697 5061 741 5117 ιι.
756 5059 806 5128 Qu
826 5071 910 5116 amem
929 5062 1087 5118 deducebant

294 5164 416 5231 Pandunt,
436 5158 609 5231 perduxerunt
621 5171 678 5209 euru
698 5167 777 5218 usaue
795 5151 926 5220 Allienum
944 5162 969 5208 et
983 5165 1086 5225 accepto

295 5257 417 5316 inundato
430 5253 461 5310 air
476 5269 504 5308 co
517 5251 552 5305 ad
569 5247 653 5306 Silam
668 5254 691 5300 st
707 5233 878 5311 Tirrrotlscum,
894 5255 921 5299 nt
934 5262 1010 5318 qnam
1022 5246 1088 5302 cete-

222 5378 232 5402 «
290 5359 355 5413 riter
367 5352 489 5416 amirmt,
502 5343 609 5417 mosceti
621 5348 690 5395 sanct.
706 5336 761 5395 Sed
773 5339 911 5409 superiora
924 5348 1086 5410 repetamus.

294 5447 348 5503 Per
368 5442 472 5500 mndata
493 5437 553 5502 tria,
574 5433 668 5504 inquit,
690 5429 838 5502 innuebatur
856 5429 902 5495 eis,
923 5429 1040 5500 apericus
1058 5445 1090 5484 ec

292 5534 446 5606 scripturis.
458 5529 549 5591 ilecto,
563 5524 668 5596 querndo
680 5523 818 5579 cacabant.
831 5521 875 5577 Sic
882 5519 1006 5576 Christus
1019 5533 1090 5576 sem-

296 5641 345 5703 per
358 5626 482 5689 iaciebat,
498 5618 670 5690 ascripseris
683 5617 780 5688 ubique
793 5615 940 5678 disserens,
956 5609 1006 5670 nce
1020 5629 1091 5670 sem-

293 5735 345 5793 per
358 5717 434 5788 signa
448 5713 557 5769 iaciens.
573 5711 640 5778 eria
652 5708 724 5764 enim
742 5707 769 5762 in
790 5707 841 5763 iroe
855 5706 982 5762 contrarii
1002 5715 1090 5773 erunt,

294 5818 325 5867 ct
339 5805 415 5880 quasi
424 5803 593 5873 deceptorem
608 5809 634 5854 et
647 5797 867 5868 praestigiatorem
882 5791 968 5867 ipsum
985 5797 1090 5854 caium·

1134 3512 1212 3566 morti
1228 3511 1346 3577 tradidit,
1368 3509 1453 3565 multo
1476 3511 1561 3581 magis
1575 3510 1716 3567 suscitavit
1736 3509 1816 3565 ilium.
1836 3507 1905 3563 iudai

1133 3611 1216 3656 autern
1236 3599 1370 3671 increduli,
1388 3602 1524 3672 assumptis
1540 3600 1682 3673 [orerrstdus
1702 3601 1851 3673 quidusdam,
1864 3610 1907 3654 tar·

1134 3693 1225 3749 larum
1238 3693 1374 3760 ciuitatem,
1390 3693 1485 3764 inqrrit.
1501 3693 1593 3764 itaque
1607 3692 1697 3764 piures
1710 3701 1785 3749 erant
1801 3693 1903 3764 gentiles.

1135 3783 1170 3840 Et
1189 3791 1392 3854 assumpserunt
1412 3783 1559 3855 quosdam;
1586 3783 1647 3854 arria
1671 3798 1725 3840 non
1746 3797 1776 3839 sc
1798 3784 1906 3855 putabam

1134 3876 1200 3932 satis
1212 3889 1273 3932 esse
1286 3873 1370 3930 Judcei
1384 3873 1417 3930 ud
1431 3872 1602 3940 seditionem,
1617 3883 1645 3930 et
1658 3875 1721 3947 quia
1740 3875 1905 3932 rationabilem

1134 3980 1241 4022 caussam
1253 3979 1307 4020 non
1320 3965 1462 4022 habebant.
1476 3965 1514 4020 Eu
1526 3966 1639 4021 tunruitu
1650 3981 1758 4038 semper
1770 3966 1906 4024 haecomnia

1134 4059 1285 4131 perileiunt,
1298 4066 1326 4113 et
1339 4058 1483 4127 assumptis
1497 4057 1626 4127 improbis
1640 4058 1802 4118 bominibus.
1813 4060 1867 4115 iim
1876 4060 1906 4114 ia·

1134 4152 1213 4206 uentis
1226 4159 1309 4204 autem
1322 4148 1385 4217 iltis,
1401 4149 1496 4220 irruerit,
1512 4158 1642 4204 traxerunt
1654 4148 1786 4208 lmoncm.
1799 4149 1821 4208 0
1833 4159 1907 4222 tyran·

1135 4240 1243 4297 uidem!
1258 4239 1300 4295 nb
1313 4239 1415 4295 mdibus
1428 4241 1486 4296 sine
1497 4253 1576 4294 eausa
1590 4238 1651 4296 illos
1661 4241 1811 4298 trabebant.
1825 4240 1857 4295 ιιι
1865 4257 1902 4294 un·

1135 4341 1273 4389 nesrontru
1283 4332 1382 4387 dcccda
1394 4331 1501 4386 casaris
1514 4332 1621 4402 faciunt,
1636 4347 1721 4404 rupem
1731 4335 1807 4389 alium
1817 4334 1907 4388 dicenter

1135 4441 1188 4480 csse
1202 4423 1299 4480 luunt.
1316 4421 1383 4493 Quia
1397 4423 1436 4478 iiii
1457 4422 1522 4478 nibil
1539 4421 1655 4478 decretis
1676 4424 1836 4480 contrarium
1849 4422 1907 4479 diec-

1135 4518 1209 4583 bant,
1224 4530 1273 4572 nec
1285 4515 1421 4571 ciuitatem
1432 4513 1613 4578 concitabant,
1627 4514 1655 4570 in
1667 4514 1739 4572 aliud
1753 4516 1811 4572 ilios
1823 4515 1906 4572 crimen

1136 4608 1246 4675 ducunt,
1269 4617 1296 4663 et
1315 4606 1387 4662 iussn
1408 4606 1556 4676 maiestatis
1577 4604 1646 4662 laiso
1659 4615 1795 4664 accusant.
1817 4603 1907 4675 Ecquid

1137 4699 1246 4764 timetis,
1263 4697 1394 4769 siquidem
1416 4706 1537 4752 mortuus
1551 4697 1614 4752 esti
1629 4696 1705 4766 iiidc,
1719 4696 1850 4768 utromodo
1861 4709 1908 4766 per·

1137 4791 1311 4864 sequutiones
1333 4788 1431 4858 ubique
1453 4787 1668 4859 praedicationem
1691 4797 1867 4858 promoveant.
1882 4783 1908 4838 iii

1137 4892 1221 4936 autem
1234 4888 1305 4936 nant
1319 4878 1453 4933 stabiliores
1470 4893 1567 4945 eornrn,
1581 4878 1625 4947 ord
1643 4886 1701 4933 suunt
1722 4876 1908 4939 Thessalonice:

1139 4973 1164 5028 id
1179 4979 1229 5036 est,
1245 4968 1311 5024 nibil
1326 4967 1388 5024 mali
1403 4967 1546 5024 iaciebant.
1562 4965 1614 5024 Sed
1625 4967 1670 5024 alii
1684 4968 1792 5038 quidem
1803 4963 1909 5024 credide·

1139 5071 1221 5127 runt;
1244 5060 1272 5116 iri
1295 5073 1360 5118 uero
1382 5057 1546 5116 contrarium
1569 5056 1670 5115 iaciunt
1694 5058 1830 5115 turbantes
1851 5056 1908 5113 ilios.

1142 5154 1218 5210 ιιιιιιι
1233 5162 1317 5208 autem
1334 5152 1468 5208 scillicet
1485 5152 1664 5223 aquatilibus
1683 5151 1829 5208 mulieribus
1841 5148 1910 5205 nedi-

1141 5246 1242 5300 dnum
1258 5243 1309 5299 iiic
1326 5257 1419 5300 rursus
1439 5243 1554 5314 gentiles
1579 5243 1701 5299 credunt.
1727 5241 1767 5300 'iu
1786 5257 1847 5298 uero
1858 5238 1911 5296 miii

1141 5335 1295 5394 consideres
1309 5335 1401 5402 usiirn,
1417 5335 1491 5405 ipsos
1504 5349 1553 5405 per
1564 5335 1743 5391 woremiam
1754 5333 1858 5406 iuuisse,
1870 5342 1911 5384 noa

1143 5445 1199 5502 pre
1211 5437 1283 5486 metu
1294 5447 1301 5484 :
1312 5429 1430 5500 alioquin
1443 5429 1514 5484 enim
1527 5427 1608 5484 tinem
1617 5426 1743 5485 iecissent
1758 5420 1911 5498 predicandi.

1144 5535 1194 5577 nec
1204 5522 1288 5592 magis
1298 5519 1513 5596 exacerbassent.
1525 5517 1577 5576 Sed
1588 5519 1650 5576 irinc
1658 5517 1870 5576 duoereniobam
1878 5529 1884 5566 :
1893 5518 1914 5564 et

1145 5613 1251 5670 iliorum
1268 5611 1342 5667 turer
1360 5611 1588 5682 exstinguebatur,
1605 5619 1633 5668 et
1650 5607 1803 5682 predicatio
1817 5601 1914 5675 annem-

1146 5711 1199 5760 tur.
1214 5702 1351 5772 Concdigne
1372 5712 1460 5758 autem
1483 5702 1515 5758 de
1536 5703 1642 5758 iliorum
1658 5701 1772 5757 tumultu
1797 5698 1865 5756 dicit,
1878 5705 1915 5744 re·

1149 5798 1222 5856 nisse
1237 5813 1283 5853 eos
1305 5798 1367 5853 iiiuc
1382 5797 1471 5854 trabas
1486 5799 1668 5866 concitantes;
1684 5794 1812 5853 iatronem
1826 5791 1915 5846 ittonam
