4084 6350
143 348 179 408 ῃ
864 329 1056 392 inertem.
1303 294 1311 309 ⁸
1390 393 1395 400 ,
1661 395 1667 406 ,
1749 337 1785 398 ts

146 465 292 526 loannes
308 473 339 516 sc
359 449 525 531 iudignum
546 448 592 510 ait
617 445 671 528 qui
688 445 787 508 soleat
803 449 971 527 corrigiam
987 444 1194 508 calceamenti.
1212 443 1339 508 Inimici
1351 450 1454 508 cutem
1464 443 1608 508 ueritatis
1618 446 1653 508 in
1666 453 1786 508 tautum

147 539 365 622 prorumpunt
380 529 551 670 mitam
567 535 604 588 ut
621 527 729 664 dicssnt
742 544 774 586 ss
790 528 980 588 uersatilem
1002 532 1039 585 ut
1055 525 1158 606 ipsese
1176 524 1277 585 norit.
1301 523 1371 600 Qus
1393 525 1525 587 amentio
1538 523 1615 606 qnid
1627 523 1788 587 deterius?

173 649 174 652 =
265 631 302 674 ro
325 611 414 672 ontio
465 608 477 668 i
549 606 667 668 mosius

150 630 364 770 quagigiqur
380 606 575 766 quffidissae
595 681 797 748 velitationes
816 699 889 760 que
906 681 1029 761 passim
1045 681 1234 744 oriebantur
1253 681 1337 743 iuter
1351 679 1542 760 populares,
1557 684 1672 744 contra
1690 682 1788 742 Ano-

151 789 253 836 moeos
263 768 404 832 maxime
417 765 511 826 eraut
521 805 530 834 ,
541 763 599 840 qui
614 767 646 822 et
657 761 898 841 numero'longe
909 761 1019 840 plures
1030 804 1039 832 ,
1050 764 1082 821 et
1095 759 1135 822 ad
1148 759 1371 823 hmeadeuuda
1383 760 1561 822 certamina
1573 759 1716 822 acriores
1730 759 1789 819 in-

150 848 348 930 surgebant,
364 860 484 922 acqnu
496 840 641 902 Christus
658 845 695 902 ut
707 840 805 900 homo
821 839 975 901 humilius
988 838 1185 916 loquebatur
1196 837 1389 916 detorquere
1403 837 1571 912 solebant,
1593 843 1631 900 ut
1651 837 1722 916 ejus
1742 837 1790 898 di-

152 931 322 992 siuilatem
336 924 536 992 minuerent,
552 923 584 979 et
594 919 687 980 illum
703 919 796 979 Patre
807 918 904 996 louge
919 918 1078 978 minorem
1091 933 1163 979 csse
1176 918 1364 994 probarent.
1379 915 1431 976 Sic
1443 915 1561 978 Hamil.
1577 915 1629 991 db,
1640 917 1701 978 ool.
1718 917 1789 986 172,

152 1009 242 1070 hunc
262 1003 392 1066 locum:
413 998 477 1075 Qui
493 997 530 1058 de
548 996 622 1060 celo
644 997 748 1064 uruit,
764 1013 857 1074 super
868 1013 969 1056 omnes
984 1004 1040 1055 est.
1053 993 1102 1055 Et
1115 993 1201 1076 quod
1214 994 1295 1056 vidit
1310 999 1337 1056 et
1352 993 1490 1064 audivit,
1506 993 1564 1056 bec
1581 995 1791 1074 testificatur:

153 1096 183 1148 et
198 1079 408 1148 testimouium
426 1077 492 1160 mur
512 1093 598 1135 aeuo
610 1075 745 1154 accipit,-
767 1074 870 1142 hunc,
892 1075 1043 1152 inquam,
1066 1073 1175 1135 locum
1192 1074 1448 1150 contorquebant
1460 1071 1621 1153 lucifuga,
1639 1076 1677 1135 ut
1698 1073 1791 1134 illem

154 1165 250 1228 Patre
264 1159 422 1222 minorem
434 1172 505 1218 esse
520 1157 707 1232 arguerent.
724 1152 844 1212 Vemm
860 1152 927 1214 hec
940 1157 972 1214 et
991 1151 1111 1214 similia
1126 1152 1224 1220 dicta,
1240 1153 1344 1229 inquit
1362 1150 1623 1233 Chrysostomus,
1643 1150 1792 1212 Christus

154 1247 191 1306 ut
203 1241 300 1302 bomo
313 1233 446 1316 profert,
460 1231 572 1312 qualia
586 1235 664 1294 suat
675 1233 773 1292 etiam
788 1231 886 1302 istec,
907 1231 998 1292 Sicut
1019 1229 1128 1298 audio,
1137 1229 1250 1311 judico
1259 1250 1269 1297 ,-
1291 1235 1333 1301 et,
1349 1229 1425 1304 Qua
1438 1229 1581 1292 audiris
1602 1229 1699 1292 Patre
1711 1246 1791 1296 meo,

154 1321 290 1400 laquem
303 1320 347 1394 et,
364 1313 441 1388 Quoe
459 1310 595 1372 uidimus
611 1309 771 1390 loquimur
786 1308 893 1384 (loca.
911 1309 942 1368 3.
962 1309 1012 1368 ut.
1034 1307 1098 1388 32).
1112 1310 1192 1370 Nam
1211 1307 1372 1370 Christum
1389 1312 1426 1370 ut
1450 1308 1613 1369 homiuem
1635 1325 1719 1386 sepe
1740 1307 1794 1367 lo-

154 1403 296 1478 quntum
306 1410 379 1456 esse
392 1389 607 1452 certissimum
622 1392 688 1460 estc
704 1387 879 1465 sepissime
894 1384 990 1448 ctiam
1003 1394 1040 1448 ut
1052 1387 1153 1449 heum
1168 1392 1199 1448 et
1212 1387 1298 1449 Patri
1313 1403 1340 1447 e
1363 1387 1471 1448 nalem
1481 1385 1581 1450 multa
1594 1385 1716 1448 dixisse
1726 1401 1792 1448 uon

155 1478 265 1538 minus
277 1475 420 1542 certum3
434 1473 471 1529 ut
486 1484 559 1528 cum
572 1465 659 1540 dicit,
674 1465 746 1544 Epo
761 1473 791 1526 st
805 1465 901 1527 Peter
913 1483 1007 1525 uuum
1022 1483 1137 1533 sumus,
1154 1468 1197 1536 et,
1215 1465 1286 1544 Epo
1301 1466 1333 1525 in
1376 1473 1452 1535 utre,
1470 1474 1500 1528 ct
1516 1464 1612 1527 Pater
1625 1465 1659 1528 in
1673 1469 1791 1536 meret,

155 1553 200 1616 [sl
215 1569 318 1614 emese
337 1549 489 1609 denarrat
506 1545 637 1612 Filium,
654 1543 737 1604 sicut
756 1543 913 1618 honorarit
934 1543 1078 1611 Patrem:
1097 1548 1139 1616 et,
1159 1543 1250 1606 Sicut
1270 1543 1360 1604 uouit
1377 1561 1423 1605 mc
1442 1544 1547 1611 Pater,
1571 1549 1601 1604 et
1621 1559 1676 1622 ego
1695 1559 1791 1603 nosco

158 1633 303 1697 Patrem
316 1631 359 1698 et,
375 1625 438 1700 Qui
452 1621 534 1684 sidet
546 1639 604 1690 me,
619 1621 703 1682 videt
714 1629 742 1682 et
760 1621 885 1682 Patrem
895 1643 904 1690 ,·
926 1625 969 1691 et,
987 1623 1025 1684 Si
1046 1621 1269 1702 cognovissetis
1288 1639 1343 1691 mc,
1364 1621 1489 1684 Patrem
1505 1639 1604 1683 meum
1617 1621 1725 1699 utique
1742 1638 1794 1680 co-

159 1705 463 1789 qmooimctistloom.
472 1701 502 1762 5.
518 1699 567 1760 30.
581 1709 610 1761 et
627 1699 658 1761 8.
673 1699 724 1759 26.
746 1706 775 1760 et
791 1699 821 1760 3.
839 1700 901 1780 11).
919 1699 1002 1761 Alibi
1018 1716 1149 1780 quoque
1165 1717 1249 1780 sepe
1264 1717 1298 1762 se
1315 1704 1347 1761 et
1363 1699 1449 1763 Patri
1470 1700 1627 1780 equalem
1645 1698 1793 1761 ellicum

160 1789 301 1850 exhibet.

200 1865 279 1928 lndc
296 1877 373 1926 uere
385 1863 457 1922 crat
468 1857 553 1938 quod
567 1856 667 1920 ludaei
679 1857 770 1920 illum
788 1861 973 1938 arguerent,
988 1857 1129 1918 tn-illum
1142 1857 1360 1936 insurgerent,
1372 1857 1437 1918 imo
1453 1857 1545 1927 illum
1559 1855 1706 1918 occidere
1721 1855 1791 1920 rel-

162 1947 230 2010 leut
243 1965 250 2002 ι
265 1940 448 2005 Nousotum
490 1937 544 1998 uin
555 1935 715 1998 sabbatum
726 1935 874 2002 solvebat,
890 1935 943 1996 sed
964 1943 992 1995 ct
1004 1937 1082 2016 quio
1096 1935 1221 1996 Patrem
1234 1953 1324 1996 sutem
1339 1933 1460 1997 dicebat
1477 1935 1585 2003 deum,
1602 1933 1747 2014 equalem
1759 1951 1791 1995 rs

163 2023 282 2162 ssrgiens
303 2019 380 2078 ileo.
398 2017 408 2097 (
424 1955 495 2077 vig.
511 2015 621 2075 homil.
636 2013 686 2084 38,
701 2014 763 2076 col.
779 2013 863 2094 215.)
886 2014 945 2075 llic
970 2031 1048 2075 vero
1070 2013 1308 2107 respondebant
1327 2013 1478 2084 haeretici,
1493 2030 1559 2074 uon
1578 2010 1740 2075 Christuui
1755 2029 1793 2075 se

210 2117 236 2161 o
255 2096 413 2176 equalem
440 2093 573 2166 iecisse;
589 2092 644 2154 sed
670 2091 703 2152 id
731 2090 858 2154 ludaeos
882 2093 1062 2171 suspicatos
1089 2091 1199 2154 luisse.
1222 2091 1341 2154 Contra
1360 2108 1436 2153 reru
1459 2091 1504 2154 Ch
1546 2096 1732 2165 sostomus,
1759 2091 1795 2152 in

166 2183 262 2256 caput
274 2174 499 2238 hereticorum
510 2170 573 2232 tela
590 2175 800 2248 contorquet,
815 2171 969 2248 ipsosque
986 2173 1032 2233 ita
1047 2170 1179 2249 depellit
1195 2215 1204 2244 ,
1227 2176 1264 2231 nt
1277 2169 1401 2232 unllam
1414 2171 1525 2232 subter
1581 2169 1666 2231 leudi
1681 2183 1795 2230 ausam

165 2257 339 2332 relinquat.
355 2252 404 2315 lta
418 2267 494 2314 vero
509 2251 626 2328 arguit.
643 2249 843 2311 tacebantur
856 2251 1001 2311 Auomoei
1015 2249 1142 2312 luderes
1157 2249 1322 2328 putavisse
1334 2248 1497 2310 Christum
1510 2267 1545 2310 se
1559 2187 1626 2310 sseo
1639 2246 1796 2325 equalem

166 2336 271 2398 iacere
288 2353 296 2394 :
315 2346 421 2408 neque
439 2344 559 2408 negare
570 2330 719 2466 notarunt
734 2327 896 2388 Christum
913 2328 1015 2391 multa
1031 2328 1153 2390 dixisse
1167 2345 1241 2407 que
1264 2327 1348 2393 hanc
1360 2327 1493 2390 omnino
1514 2325 1703 2389 inducerent
1718 2325 1796 2404 opi-

167 2416 317 2482 nionem
332 2409 420 2472 verbi
436 2407 539 2486 gratia
560 2405 572 2465 i
597 2404 652 2480 ud,
676 2405 750 2484 Ego
770 2413 799 2466 st
826 2407 1032 2468 Paterninum
1052 2423 1174 2467 summ:
1187 2411 1230 2479 et,
1251 2405 1325 2485 Ego
1343 2405 1376 2468 in
1395 2406 1500 2476 Patre,
1524 2413 1553 2466 ct
1565 2405 1661 2467 Pater
1673 2405 1708 2467 in
1725 2421 1797 2470 mse

167 2495 210 2566 et,
231 2490 295 2566 Qui
324 2486 409 2549 sidet
430 2503 491 2554 mec,
517 2482 601 2545 uidet
627 2492 654 2546 st
668 2484 819 2545 Patrem:
839 2484 1006 2562 multaque
1033 2485 1170 2559 similia,
1197 2500 1270 2563 qum
1293 2500 1393 2563 supra
1414 2483 1592 2546 attulimus.
1617 2481 1797 2544 llis·etiam

167 2563 407 2648 quamplurima
422 2563 493 2626 addi
508 2565 652 2640 possent,
673 2563 791 2640 quihus
814 2567 846 2624 et
867 2563 967 2625 iudei
993 2567 1025 2626 et
1038 2563 1235 2641 quicumque
1249 2562 1318 2636 alii,
1337 2563 1394 2642 qui
1417 2561 1579 2626 Christum
1603 2559 1796 2630 audiebant,

169 2646 353 2710 necessario
393 2645 522 2705 utarent
535 2641 641 2719 ipsum
659 2657 694 2702 se
719 2646 752 2703 et
775 2643 843 2704 Iteo
864 2641 950 2703 Patri
973 2642 1144 2720 equalem,
1166 2645 1284 2704 cluere
1297 2642 1401 2704 Deum
1413 2641 1577 2703 exhibere.
1593 2640 1625 2702 Si
1639 2655 1717 2718 ergo
1730 2653 1798 2699 nou

169 2723 256 2788 Patri
279 2740 352 2801 aequ
387 2722 431 2792 is,
448 2737 513 2781 nou
539 2737 616 2782 vere
638 2719 724 2782 Deus
740 2719 851 2782 luisset
868 2737 930 2782 :an
944 2727 1073 2800 poterat
1086 2721 1149 2790 ille,
1167 2737 1264 2800 quem
1285 2721 1348 2799 ipsi
1373 2722 1518 2782 duomoei
1535 2719 1634 2812 pium,
1651 2721 1799 2780 sanctum

170 2811 202 2866 et
224 2803 348 2882 jnstnm
362 2797 609 2877 profitebantur,
624 2797 750 2860 iudeus
765 2798 799 2859 in
815 2797 872 2860 tali
890 2799 1045 2876 opinione
1061 2799 1260 2877 relinquere,
1273 2798 1360 2878 quod
1372 2799 1520 2862 videlicet
1539 2799 1604 2870 elle,
1618 2813 1653 2858 se
1669 2800 1703 2858 et
1730 2795 1799 2856 Deo

170 2883 256 2944 Patri
282 2877 451 2956 aqualem,
464 2880 497 2939 et
511 2875 768 2938 Deumdicerett
791 2879 909 2938 Annon
936 2879 1045 2942 illesa
1066 2878 1124 2941 tali
1138 2878 1291 2958 opinione
1302 2878 1504 2951 removisset,
1519 2876 1653 2938 dixisset
1677 2891 1736 2948 ue,
1764 2889 1800 2934 se

172 2978 232 3024 uec
247 2957 334 3022 Patri
348 2954 518 3034 equalem,
531 2971 593 3046 nee
607 2969 684 3018 vere
697 2956 799 3017 Deum
812 2972 884 3018 esse
898 2957 913 3016 t
925 2957 995 3019 Non
1022 2961 1150 3036 poterat
1169 2960 1268 3030 certe,
1283 2957 1347 3019 nisi
1369 2955 1592 3020 fraudulentus
1607 2958 1639 3014 et
1651 2893 1801 3030 deceptor

172 3041 269 3110 esset,
296 3033 383 3115 quod
398 3033 487 3096 netas
507 3030 606 3103 drctn,
620 3047 639 3094 a
653 3033 710 3094 tali
724 3033 940 3098 declaratione
964 3037 1139 3100 abstinere.
1155 3034 1213 3098 lile
1243 3051 1320 3098 vero
1344 3038 1456 3098 contra
1479 3034 1512 3095 iu
1535 3032 1647 3095 iisdem
1674 3045 1829 3108 semper·

172 3117 304 3190 insistit,
321 3120 354 3177 et
383 3128 476 3176 suam
498 3128 572 3175 oum
592 3112 685 3175 Patre
706 3113 924 3193 equalitatem
940 3116 1033 3177 novis
1055 3113 1147 3177 dictis
1165 3113 1344 3177 condemnt.

212 3198 335 3259 Verum
349 3198 456 3255 tameo
469 3194 518 3252 est
547 3189 711 3252 Christum
725 3190 816 3255 dictis
829 3192 906 3263 illis,
937 3210 1010 3271 que
1022 3193 1124 3271 ipsius
1139 3192 1351 3266 diuinitatem,
1367 3191 1582 3271 equalitatem
1599 3206 1671 3252 cum
1696 3188 1803 3260 Patre,

175 3280 209 3341 et
234 3268 600 3337 consubstantialitatem
628 3271 787 3349 probant,
815 3270 951 3333 humilia
979 3272 1082 3331 multa
1107 3269 1302 3344 admiscere,
1332 3276 1402 3332 turn
1426 3270 1505 3348 quia
1530 3272 1568 3330 ut
1593 3267 1691 3330 homo
1717 3280 1802 3343 sepe

174 3354 392 3433 loquebatur,
415 3352 448 3411 et
467 3347 657 3409 mortalibus
686 3349 836 3411 omnibus
863 3366 934 3411 sese
960 3348 1124 3411 modestice
1150 3348 1405 3429 humilitatisque
1427 3347 1593 3427 exemplar
1611 3344 1802 3415 exbibehat;

176 3439 245 3495 tum
258 3428 399 3493 etiamid
412 3426 498 3506 quod
515 3425 622 3487 iuunit
636 3442 721 3505 sepe
747 3424 1007 3507 chrysostomus,
1022 3433 1060 3489 ut
1071 3426 1198 3489 ludeos
1211 3432 1380 3507 protervos
1395 3426 1555 3501 homiues,
1571 3424 1633 3487 sibi
1647 3422 1803 3493 intensos,

177 3512 234 3611 qui
247 3508 450 3571 occasionem
471 3506 644 3585 captabant
669 3504 760 3565 illum
787 3506 986 3580 accusandi,
1013 3510 1046 3568 et
1064 3505 1149 3569 hauc
1172 3506 1212 3566 de
1227 3506 1394 3569 divinitate
1416 3509 1448 3567 ct
1470 3498 1805 3566 consubstantialitate

177 3588 296 3652 Christi
312 3585 491 3647 doctrinam
506 3600 572 3647 nou
592 3582 749 3657 terebant,
771 3584 893 3646 seusim
908 3584 1088 3661 reduceret,
1103 3589 1201 3664 atque
1226 3584 1267 3647 ad
1284 3584 1450 3647 meliorem
1477 3580 1527 3643 iru
1552 3599 1603 3643 em
1624 3580 1804 3643 revocaret.

177 3669 290 3746 Neque
304 3671 411 3729 menes
434 3662 562 3741 uspiam
573 3660 717 3739 aliquam
731 3679 772 3723 ex
791 3662 854 3725 illis
880 3663 1048 3725 sententiis
1062 3664 1219 3744 querius
1234 3681 1308 3726 cnm
1329 3601 1653 3739 Patre‘mquaffitatem
1665 3660 1697 3729 et
1722 3673 1808 3719 con-

179 3742 481 3809 substantialitatem
494 3740 757 3804 demoustrabant
776 3743 978 3818 retractavit,
996 3741 1110 3820 quales
1124 3741 1289 3815 suntitte3
1316 3742 1390 3821 Ego
1416 3747 1445 3801 ιι
1465 3740 1670 3801 Paterninum
1682 3752 1809 3803 sumus:

180 3830 224 3899 et,
237 3824 312 3901 Epo
337 3820 374 3881 in
385 3819 491 3889 Patre,
509 3818 642 3881 stPotsr
657 3819 693 3882 irs
716 3836 763 3881 me
783 3828 828 3881 cst
837 3840 849 3889 ,·
861 3822 954 3895 et,llt
966 3838 1070 3883 omres
1083 3820 1237 3884 honorent
1249 3822 1371 3883 Filium
1384 3820 1467 3882 sicut
1490 3816 1648 3879 honorant
1664 3815 1809 3880 Patrem·

181 3908 231 3975 et,
251 3902 344 3965 stetu
364 3898 454 3959 cocu
472 3916 518 3960 nu
542 3896 698 3967 Potsr,st
718 3914 774 3977 eqo
808 3916 906 3961 nosce
922 3900 1128 3975 Patrsmset,
1148 3900 1212 3977 Qui
1235 3898 1320 3962 ridet
1341 3916 1405 3967 me,
1427 3896 1512 3959 uidet
1542 3903 1571 3957 st
1597 3895 1745 3960 Patrem,-
1765 3896 1812 3964 et,

180 3982 220 4045 Si
235 3976 460 4059 cognovissetis
484 3994 549 4045 ms,
564 3975 692 4037 Patrem
717 3994 816 4039 mrum
837 3978 945 4059 utiquc
973 3978 1197 4059 coqnceissstis
1209 4000 1221 4055 ς
1246 3978 1312 4041 imo
1337 3977 1397 4041 etsi
1417 3974 1553 4037 humilia
1568 3972 1729 4036 interdum
1746 3970 1813 4030 mi-

182 4066 283 4129 sceat,
309 4056 376 4118 alia
398 4054 568 4119 identidem
581 4054 813 4149 adiungitque
826 4074 901 4120 vere
927 4058 1029 4120 Deum
1042 4075 1113 4120 esse
1126 4064 1160 4120 ct
1172 4058 1257 4120 Patri
1278 4054 1585 4121 consubstantialem
1609 4050 1812 4118 confirment.

183 4136 401 4213 Quamobrem
421 4134 525 4195 multa
547 4139 696 4197 cautione
711 4150 792 4213 opus
810 4137 871 4211 est,
886 4154 928 4198 ue
952 4136 1026 4216 quis
1040 4136 1073 4197 in
1087 4134 1281 4201 offendicula
1305 4136 1462 4209 incurrat,
1480 4149 1563 4198 neve
1583 4135 1657 4192 ruat
1671 4130 1714 4217 in
1726 4143 1813 4219 pre-

184 4208 1591 4373 {sibilastilllhlsltlttsttlltlt,stillatim,subtilitati
1605 4207 1817 4373 batille

185 4370 494 4435 consubstantialem
507 4368 680 4445 indicabat,
705 4388 747 4433 ex
776 4372 860 4434 mals
881 4372 1046 4434 intellecta
1068 4339 1402 4435 consubstantialitate
1432 4371 1668 4434 distinctionem
1697 4388 1817 4451 perse-

187 4468 305 4514 narum
330 4448 471 4522 sustulit,
486 4454 583 4526 atque
598 4466 697 4510 uuum
711 4449 923 4529 eumdemque
936 4468 1007 4513 esse
1020 4451 1158 4524 Patrem,
1175 4451 1334 4528 etlilium
1346 4454 1378 4511 et
1389 4448 1543 4529 Spiritum
1556 4454 1703 4513 sanctum
1716 4451 1817 4523 dixit;

187 4531 283 4591 Arius
292 4532 401 4590 autem
416 4544 456 4587 ex
465 4526 641 4591 humilibus
650 4527 768 4590 Christi
781 4528 885 4604 dictis,
900 4530 935 4590 iu
947 4529 1143 4591 contrariam
1156 4527 1285 4591 detlexit
1297 4528 1493 4608 impietatem
1506 4529 1687 4591 camaliam
1698 4531 1817 4603 Patris,
1912 4547 1917 4557 ’

187 4610 286 4671 aliam
302 4606 376 4667 Filii
390 4606 716 4679 substantiam-dixit,
733 4606 881 4686 hancque
906 4608 1064 4669 minorem
1074 4607 1141 4669 illa.
1156 4606 1207 4669 Sic
1221 4624 1347 4687 semper
1359 4608 1398 4670 iis
1417 4608 1474 4687 qui
1494 4608 1645 4671 Ecclesiae
1657 4624 1814 4671 ancoram

189 4704 256 4749 non
269 4688 392 4758 lenem,
408 4683 613 4765 nautragium
640 4684 817 4746 timendum
839 4691 897 4748 cst.
1885 4689 1891 4700 '

228 4765 309 4831 Heu.
326 4763 405 4826 satis
430 4766 528 4825 sunto
547 4781 557 4822 r
573 4762 599 4824 si
614 4763 701 4826 enim
715 4764 825 4827 omnia
838 4769 992 4828 annotata
1002 4765 1077 4828 loca
1097 4783 1171 4845 que
1185 4766 1275 4845 impii
1292 4766 1339 4828 illi
1351 4765 1497 4829 haemmi
1508 4784 1550 4828 ex
1562 4764 1698 4828 loannis
1710 4764 1819 4826 Evan-

188 4844 276 4924 gelio
299 4841 341 4904 ad
358 4856 450 4903 suam
464 4841 612 4903 heresim
626 4841 778 4905 tuendam
798 4862 896 4905 eseer
919 4844 1016 4906 ebant
1030 4844 1241 4920 adierremus,
1257 4844 1385 4925 longius
1401 4849 1587 4909 excurreret
1600 4846 1717 4907 oratio.
1733 4842 1819 4903 Sica

188 4939 265 5062 anu
287 4918 382 4981 ailert
403 4918 651 4999 chrysostomus
676 4921 716 4983 ad
742 4862 926 5001 hujusmosi
952 4923 1140 5001 depellenda
1167 4924 1230 4986 tela
1254 4941 1522 4998 recenseremus,
1550 4922 1662 4990 nulbts
1692 4918 1821 4981 dicendi

216 5000 267 5063 nis
280 5002 377 5061 esset.
393 4996 500 5059 Unum
514 4998 608 5061 estin
620 5014 685 5077 quo
698 4999 836 5063 tortasse
849 5018 915 5063 uon
932 5001 1053 5065 trustra
1066 5002 1237 5065 desudaret
1260 5001 1430 5079 industria,
1446 5003 1482 5065 iu
1496 4990 1669 5065 retereudls
1683 4997 1819 5073 scilicet,

190 5076 377 5143 asserendis
400 5080 433 5137 at
457 5078 503 5139 ue·
518 5077 717 5139 illustrandis
734 5078 774 5139 iis
788 5079 880 5153 locis,
894 5096 968 5158 qna
984 5079 1025 5142 ad
1033 5080 1232 5143 divinitatem
1246 5080 1376 5157 Christi,
1395 5080 1612 5160 equalitatem
1623 5094 1697 5140 cum
1712 5078 1820 5153 Patre,

191 5094 562 5221 mnscbsmnttaffuetem
576 5156 783 5219 asserendam
802 5174 846 5231 ac
868 5158 1151 5221 demonstrandam
1165 5159 1281 5221 idonea
1305 5160 1340 5221 iu
1366 5159 1543 5241 Evangelio
1561 5156 1696 5219 loannis
1707 5157 1821 5235 depre-

190 5234 392 5297 henduntnr.
407 5233 491 5295 illud
515 5250 593 5296 uero
615 5234 861 5317 Chrysostomus
875 5254 941 5299 nou
956 5237 1162 5318 indiligenter
1174 5244 1375 5317 exsequutus
1389 5245 1437 5302 est
1450 5240 1483 5300 in
1496 5238 1559 5299 boc
1569 5235 1824 5307 commentarioc

191 5312 251 5377 sed
264 5313 297 5374 id
313 5312 410 5391 longe
423 5311 551 5389 plenius
570 5317 602 5374 et
619 5314 784 5377 ardentius
797 5314 943 5394 prestitit
954 5316 987 5377 in
997 5316 1164 5379 duodecim
1176 5316 1241 5379 illis
1254 5316 1402 5380 Homiliis
1415 5319 1528 5379 contra
1539 5318 1723 5389 huomoeos,
1736 5330 1820 5393 quas

192 5394 231 5455 in
252 5391 360 5471 primo
376 5391 477 5453 Tomo
493 5391 594 5454 editas
608 5392 719 5455 habes.
734 5394 792 5455 libi
807 5394 886 5475 ipsis
900 5396 1064 5458 Auomoeis
1079 5396 1269 5475 plerumque
1284 5396 1495 5476 presentibus
1509 5400 1542 5456 et
1553 5392 1771 5465 audientibus,
1784 5395 1822 5452 ut

193 5472 268 5549 ipse'
281 5470 338 5543 ait,
350 5468 419 5543 imo,
429 5475 467 5532 ut
476 5471 510 5531 in
524 5486 658 5533 arenam
673 5476 787 5535 contra
797 5490 832 5535 se
843 5473 1051 5537 descenderet
1063 5474 1279 5549 hortantibus,
1291 5475 1445 5538 utvideas
1456 5472 1518 5534 col.
1529 5469 1589 5533 tud
1599 5476 1723 5551 etseq,
1733 5470 1819 5533 banc

192 5550 254 5613 ille
263 5564 407 5628 pugnam
420 5565 439 5610 a
515 5566 571 5613 sus
581 5550 970 5633 est,ubinousolumejus
983 5554 1169 5632 eloquentia
1178 5554 1293 5629 elucet,
1306 5552 1362 5617 sed
1374 5552 1471 5615 etiam
1483 5551 1532 5614 sis
1543 5557 1820 5631 argumentorum.

193 5627 247 5715 lbi
259 5628 314 5689 ille
330 5630 425 5691 tamr
461 5628 520 5690 idis
533 5628 800 5708 responsionibus
815 5631 879 5694 tela
896 5630 1143 5713 ebobiectiones
1157 5632 1384 5699 hereticorum
1403 5629 1545 5709 depellit,
1565 5636 1603 5692 ut
1623 5646 1736 5709 parem
1763 5626 1821 5690 rix

194 5705 420 5785 deprehendas
444 5706 608 5783 athletam,
622 5710 654 5770 et
671 5708 745 5789 jure
761 5709 892 5773 talearis
901 5710 980 5774 istas
988 5709 1142 5777 adversus
1158 5714 1328 5775 Auommos
1339 5706 1503 5775 orationis
1520 5710 1606 5775 iuter
1616 5706 1820 5790 prestantis-

196 5784 285 5853 simn
308 5782 527 5865 chrysostomi
551 5802 650 5867 opera
664 5789 922 5856 annumerandas
945 5808 1030 5867 esse,
1172 5793 1178 5804 ‘
