4084 6350
174 348 177 355 .
203 297 253 361 'tbi

204 430 259 477 tur.
275 418 360 487 Quem
381 427 452 471 erum
467 408 501 469 ad
522 409 615 469 laudes
636 407 820 483 praedicandas
834 425 887 465 non
906 419 1001 467 crocet

204 491 301 549 beatum
312 489 356 544 ille
368 485 532 559 Stephanus,
546 486 623 553 cujus
637 482 724 538 solum
740 497 836 537 nonrcu
850 497 944 537 corona
958 481 1000 537 di-

203 564 334 687 guitateru
349 559 492 631 signiticat,
506 571 539 613 ac
552 557 598 627 qui
618 554 661 611 rel
677 554 735 623 ipso
756 554 865 608 nomine
882 552 1002 608 uictoriae

215 647 337 689 ronorem
359 630 433 701 prius
452 627 566 698 adeptus
586 626 660 682 erati
679 625 771 697 ltaque
785 624 828 679 rel
843 623 930 688 ipsum
950 637 1002 679 no·

204 721 268 761 men
282 715 409 775 pugnam,
423 700 563 761 victoriam
577 697 760 767 honoremque
773 695 898 777 martyris
906 695 1002 764 pradi-

204 786 258 832 cat.
272 772 424 842 διιιιιιιιιιι
437 772 465 827 in
478 768 626 826 certamine
639 768 723 838 prior,
739 767 765 821 in
777 764 902 821 laudibus
915 767 1000 835 prior,

204 848 233 904 in
247 845 370 901 laudibus
379 841 564 916 precellitqni
575 837 682 895 Domini
691 836 801 909 uestigia
812 844 1002 907 sequutusest,

205 926 234 974 ot
246 916 406 974 certantium
420 914 522 985 primos
537 910 596 966 luit.
619 910 696 966 llrruc
709 908 782 965 euim
802 907 921 977 priorem
939 906 1003 962 Ser·

205 998 293 1056 ratur,
318 984 436 1059 agricola
457 983 595 1043 mittaris.
618 988 762 1052 martyrem
787 978 889 1047 pararit
906 996 913 1033 r
932 975 1003 1034 huuc

206 1076 280 1116 mors
292 1056 390 1114 Christi
404 1055 493 1112 statim
509 1053 552 1109 rel
565 1051 599 1108 ad
620 1061 733 1106 mortem
753 1050 837 1119 ipsam
851 1048 1003 1119 despicien-

206 1131 268 1187 dam
281 1127 384 1186 induxit
395 1144 403 1181 :
416 1125 478 1183 huic
491 1124 596 1180 Domini
610 1121 714 1179 latusid
723 1118 886 1183 conciliarit,
900 1127 1003 1190 utprn·

207 1204 294 1273 prium
307 1197 462 1270 sanguinem
478 1194 637 1253 eduauerer.
651 1192 717 1248 Nam
731 1207 790 1262 quae
799 1190 902 1246 sciebat
914 1191 1003 1245 Durni-

208 1289 271 1329 rmnr
282 1288 331 1343 pro
342 1271 426 1327 serris
437 1282 496 1324 esse
503 1280 622 1339 passura,
633 1280 664 1321 ea
674 1263 776 1335 illcpm
787 1260 900 1317 Domino
909 1275 1003 1332 passus

208 1354 268 1401 est:
281 1342 382 1399 nullum
405 1340 570 1411 exspectarit
585 1345 700 1408 tempus,
718 1333 821 1389 nultum
837 1324 1002 1402 preeuntem

208 1416 284 1479 ridit,
306 1414 409 1470 nullum
430 1421 567 1466 conamen
588 1415 776 1477 conspexerat.
792 1404 859 1473 Quia
872 1402 944 1458 enim
959 1402 1002 1457 in·

209 1487 332 1543 stitutum
344 1499 422 1539 suum
436 1495 497 1538 esse
510 1479 638 1544 ostendit,
662 1488 692 1533 ut
716 1475 859 1531 Dominum
873 1487 1003 1544 sequere·

209 1565 262 1624 tur,
278 1566 306 1613 ιι
324 1571 385 1612 cunr
400 1556 459 1625 ipso
473 1560 600 1618 certaret,
615 1558 643 1605 et
656 1547 737 1603 simili
756 1546 832 1603 obire
845 1543 925 1600 modo
938 1560 1003 1600 eon·

208 1628 305 1695 stituit,
329 1636 363 1681 m'
377 1624 525 1694 discipulus
543 1619 664 1692 magistri
687 1618 808 1673 ordinem
829 1629 948 1671 serraus.
970 1616 1004 1671 Et

209 1699 269 1755 ride
282 1698 347 1753 mihi
362 1698 468 1753 beatum
481 1694 556 1750 illurn
569 1690 696 1763 operibus
706 1698 733 1745 ιι
744 1688 834 1743 uerbis
849 1686 1004 1755 Magistrum

209 1772 368 1825 imitrntcm.
376 1768 549 1823 Serratorem
560 1763 644 1834 gloria
654 1760 743 1817 aoecn
756 1759 798 1814 ris
811 1759 947 1828 signorum
957 1773 966 1814 ι
977 1758 1004 1813 in

209 1840 380 1909 hocuuoryue
402 1836 526 1893 laudatur
540 1835 666 1905 martyris
684 1831 778 1902 gratia.
803 1828 882 1895 Natu,
905 1829 1003 1899 inquit,

210 1912 358 1982 Stephanus
370 1910 460 1981 plenas
473 1906 704 1979 protractatum,
718 1900 827 1976 faciebat
849 1900 966 1971 prodigio
979 1909 1005 1954 et

210 1982 320 2055 dpnein
334 1982 429 2053 populo
442 1980 511 2052 (Act.
524 1977 554 2034 6.
568 1976 608 2047 8).
624 1974 753 2031 Dominus
766 1972 867 2028 docens
885 1970 1005 2025 admira·

211 2054 276 2111 tioni
286 2053 407 2117 babetur,
418 2060 519 2122 martyr
529 2049 691 2104 concionans
700 2042 831 2099 laudatur.
841 2041 1005 2098 Drsusenim

210 2124 342 2181 avinione
353 2121 478 2189 Abrahae,
492 2130 594 2176 etcum
608 2117 702 2173 ordino
712 2124 809 2171 catera
824 2128 1004 2183 praecurrens,

210 2205 238 2253 ct
251 2210 379 2267 personas
393 2202 422 2250 et
434 2210 477 2249 res
493 2191 652 2261 insigniores
669 2194 872 2249 commemorat,
889 2182 1005 2240 inducit·

211 2282 264 2339 que
273 2265 445 2392 ¹prophetiam
462 2264 496 2320 de
510 2260 628 2327 Christo,
642 2274 674 2315 uc
686 2257 795 2313 ledeos
808 2255 917 2311 exhibet
930 2269 1003 2310 seru·

246 2354 260 2393 r
294 2353 355 2393 eum
370 2336 403 2392 ad
423 2336 489 2391 iram
510 2332 686 2389 concitamus.
708 2328 763 2384 Sed
782 2324 1006 2398 uuernadurodum

210 2354 333 2467 &aristus
346 2407 494 2462 Pisarissos
505 2418 612 2474 semper
626 2400 840 2456 contradicentes
853 2396 955 2463 habuit,
966 2400 1006 2452 sic

212 2488 239 2536 ιι
253 2487 394 2551 martyrex
407 2490 540 2549 synagoga
555 2482 664 2530 coactns
678 2469 865 2527 aduersarios:
879 2466 1005 2523 surrexe·

212 2561 272 2606 rarat
285 2554 367 2614 enirn,
380 2550 475 2618 inquit,
487 2545 591 2618 quitiam
603 2543 634 2599 de
646 2558 787 2614 synogoga,
799 2537 1007 2610 pooeoppettatur

213 2620 397 2677 libertinorum
406 2631 430 2676 et
439 2617 620 2690 Cyrenensium
633 2624 656 2670 et
670 2612 910 2676 Alexandrinorum,
922 2618 945 2664 et
965 2625 1006 2664 eo·

212 2709 269 2748 rum
281 2693 326 2764 pai
337 2701 409 2747 erunt
422 2706 454 2745 ea·
467 2689 557 2745 Cilicia
569 2696 593 2742 et
606 2686 678 2751 daia,
698 2684 858 2755 disputantes
871 2697 929 2735 cum
949 2678 1008 2735 Ste-

212 2765 346 2835 pirenaei
363 2778 415 2817 ιιοιι
437 2770 555 2832 poterunt
568 2758 685 2813 resistere
704 2752 838 2824 rapientia
856 2763 879 2807 et
892 2751 1007 2822 spiritui,

213 2852 262 2906 quo
275 2831 514 2905 loquebaturtldid.
526 2846 549 2885 ιι.
561 2828 656 2898 919).
670 2823 853 2882 accusabatur
862 2821 933 2880 circa
941 2830 1009 2877 tetus

214 2906 286 2977 plum
298 2904 441 2961 Dominus:
455 2903 506 2959 hac
514 2914 621 2972 utroque
631 2898 664 2955 de
676 2912 705 2953 re
717 2895 860 2952 calumniis
871 2894 1010 2964 impetitur

214 2986 326 3049 martyr.
340 2975 408 3031 Nam
427 2975 517 3029 aiunt:
530 2971 581 3026 llic
598 2970 674 3026 honio
686 2984 737 3023 non
751 2976 831 3022 ceram
852 2965 922 3033 burri
934 2962 1010 3020 serbo

214 3058 303 3103 corrtra
313 3048 380 3101 itanc
387 3054 503 3101 rorrctum
513 3045 596 3099 locum
606 3050 630 3097 ct
637 3050 725 3097 cetura
734 3039 813 3110 tepent
824 3036 906 3109 (itit.
917 3034 1008 3109 ι.19).

215 3119 297 3176 Extra
311 3120 404 3174 urbem
416 3115 580 3187 cruciligitur
589 3113 733 3171 Dominus:
746 3117 822 3166 extra
833 3107 927 3164 arbem
938 3122 1010 3163 mar-

216 3201 227 3246 t
237 3208 258 3245 ἰ
267 3190 411 3258 lapidator.
422 3189 559 3260 lt'y'icienter
571 3185 643 3244 eninr
656 3200 714 3239 eam
724 3191 797 3238 estro
805 3183 931 3235 ciuitatem
943 3179 1011 3249 lapi·

215 3211 310 3316 Jabom
330 3259 411 3335 (tuit.
425 3275 449 3315 ιι.
465 3259 491 3313 ’1.
506 3257 564 3327 59).
579 3255 665 3313 tuder
679 3253 816 3310 Christum
840 3252 1009 3322 cruciligunt,

215 3333 299 3392 tuum
310 3330 474 3402 Stephanum
486 3328 613 3401 lapidant.
628 3325 738 3383 remam
747 3321 871 3380 concedit
884 3321 1011 3377 Durniuus

216 3404 360 3461 crucittxus
379 3419 386 3456 r
403 3402 493 3467 Pater,
507 3399 604 3471 inquit,
617 3399 715 3454 dimitte
728 3396 781 3450 itur
796 3395 843 3448 hoc
857 3403 1011 3465 peccatum:

806 288 840 347 tu
858 288 888 347 S.
908 284 1128 357 STEPflthihi,
1149 286 1223 347 ETC.

1055 411 1105 467 hac
1118 406 1210 467 divina'
1224 410 1326 469 risione
1342 408 1475 483 signatur.
1491 406 1640 485 llerprriens
1650 416 1735 482 enirn,
1750 416 1848 492 inqrrit,

1055 484 1082 536 in
1093 485 1193 547 return,
1209 483 1272 539 oidit
1284 482 1391 555 pierium
1406 482 1461 549 oet,
1473 482 1593 541 rideatur
1605 498 1740 547 stertente
1753 492 1851 551 destris

1057 552 1145 638 Derris
1165 554 1232 623 (Act.
1249 554 1274 609 ’1.
1291 552 1347 627 55).
1362 554 1483 623 hlagnnm
1496 565 1537 611 est
1547 556 1598 614 hoe
1611 564 1786 619 certaminum
1797 576 1852 621 sta-

1056 625 1141 681 dnnrr.
1156 624 1221 681 Nam
1235 624 1334 681 athleta
1347 626 1372 681 in
1387 633 1457 681 terre
1471 638 1578 697 pugnat,
1594 640 1621 685 et
1640 638 1801 703 agonotheta
1816 636 1851 695 de

1056 696 1129 752 calis
1141 696 1266 767 respicit:
1280 696 1322 751 iric
1332 696 1451 753 decertat
1464 708 1490 753 ιι
1504 698 1546 753 tric
1559 713 1667 769 pugnat,
1679 706 1724 762 ille
1735 707 1853 779 desuper

1058 768 1184 837 pugnanti
1203 774 1278 823 stans
1293 768 1444 825 auxiliatur.
1464 768 1523 825 Nun
1543 772 1614 827 enim
1635 776 1774 833 sedentem
1804 780 1851 836 sed

1056 848 1170 923 stantem
1187 838 1268 921 ridet·
1277 837 1456 895 Serxatorcm.
1469 838 1493 896 Ο
1504 853 1602 911 quatita
1616 822 1852 921 dignationxs’gra·

1058 911 1107 965 trel
1122 910 1181 966 Stat
1195 910 1321 965 Dominus
1331 922 1465 983 pugnante
1476 924 1603 985 martyre.
1614 918 1789 987 ilgonothetae
1798 920 1854 977 lor-

1056 996 1100 1063 nra
1116 990 1143 1035 et
1156 982 1232 1043 situs,
1257 997 1371 1051 agonum
1388 982 1595 1052 magnitudinem
1611 988 1753 1057 significat.
1776 991 1853 1051 Trrnc

1057 1066 1128 1107 erum
1141 1054 1310 1123 agonothetae
1334 1070 1349 1108 ι
1364 1054 1432 1107 solio
1442 1064 1562 1125 surgunt,
1577 1070 1637 1113 cum
1657 1060 1794 1119 ardentius
1806 1064 1854 1120 de-

1057 1130 1191 1205 certatur:
1205 1132 1267 1178 tuuc
1278 1124 1439 1179 athletarum
1451 1124 1535 1181 virtus
1548 1123 1721 1197 dignoscitur,
1736 1149 1796 1189 curn
1806 1135 1854 1191 de-

1057 1192 1128 1249 intus
1144 1192 1230 1249 bonor
1245 1194 1375 1251 redditur.
1394 1195 1442 1251 iiic
1457 1210 1522 1252 xero
1535 1210 1549 1251 a
1564 1198 1707 1258 servatore
1719 1203 1854 1263 exhibitus

1056 1262 1145 1346 iuonor
1158 1278 1209 1329 est,
1226 1267 1260 1320 ita
1275 1275 1303 1327 ut
1318 1281 1373 1336 prm
1388 1266 1491 1337 arrgelis
1512 1279 1613 1341 martyr
1631 1270 1786 1329 honoretur.
1803 1276 1854 1331 lic-

1056 1336 1175 1403 tprcienr,
1192 1336 1286 1406 inquit,
1301 1338 1327 1391 iu
1340 1336 1440 1397 cetarii,
1457 1338 1518 1391 uidit
1537 1338 1645 1423 pierium
1660 1343 1716 1410 Dei,
1730 1354 1754 1399 ιι
1765 1344 1854 1403 lesum

1057 1414 1190 1460 ιιιιιιιιιιιι
1204 1408 1300 1461 diarria
1315 1404 1370 1463 Dur.
1388 1408 1458 1464 Vidit
1471 1410 1631 1466 inrisrhilcur
1648 1428 1700 1469 non
1721 1417 1802 1473 niodo
1816 1419 1855 1474 io-

1057 1490 1117 1531 cum
1134 1488 1160 1533 ιι
1173 1480 1295 1547 glorium,
1310 1478 1357 1533 scd
1377 1480 1456 1534 etiam
1482 1480 1570 1551 ipsum
1593 1484 1785 1553 desideratum,
1810 1491 1853 1546 mu

1058 1563 1111 1601 non
1122 1550 1203 1605 audet
1214 1550 1369 1620 augelorum
1379 1551 1511 1606 exereitus
1523 1552 1629 1608 intueri.
1641 1554 1677 1611 lbi
1690 1558 1775 1613 oculis
1785 1575 1856 1615 ntur-

1059 1626 1101 1689 tyr
1116 1622 1251 1691 perspicit,
1267 1622 1311 1677 ubi
1326 1620 1472 1677 Clrernbini
1497 1622 1557 1678 illas
1580 1641 1662 1694 puras
1683 1626 1765 1683 iacies
1780 1631 1855 1686 olne-

1057 1698 1133 1772 guut,
1148 1699 1174 1745 ct
1188 1692 1242 1747 Ser.
1255 1693 1328 1759 phiui
1343 1708 1395 1746 non
1409 1694 1507 1748 audent
1520 1694 1591 1749 illam
1606 1697 1763 1754 immensam
1778 1701 1856 1758 eelsi-

1058 1760 1176 1817 tndureru
1193 1763 1308 1817 ulnucri.
1324 1762 1352 1817 ln
1365 1764 1415 1817 hac
1425 1778 1489 1836 erge
1500 1781 1528 1819 re
1538 1767 1639 1837 angelis
1648 1772 1771 1839 superior
1783 1772 1855 1829 risui

1057 1840 1109 1898 est,
1125 1835 1300 1915 potestatibus
1314 1834 1456 1898 excelsior,
1474 1836 1577 1893 thronis
1591 1848 1617 1893 et
1629 1839 1855 1899 duruinationibns

1058 1916 1191 1983 superior.
1206 1904 1280 1959 lliurn
1296 1906 1367 1975 cuim
1378 1908 1486 1961 attraxit
1501 1923 1551 1961 rox
1569 1909 1683 1973 Dunriui,
1699 1928 1760 1983 qum
1784 1916 1856 1981 ytrius

1058 1972 1177 2029 duxerat:
1195 1974 1244 2059 Ubi
1256 1992 1312 2031 sunt
1322 1993 1380 2047 epo,
1392 1976 1446 2031 ittic
1457 1988 1481 2032 et
1493 1979 1605 2035 minister
1622 1997 1692 2035 ιιιιιιι
1704 1984 1751 2038 crit
1765 1983 1853 2056 (toute.

1058 2043 1102 2099 te.
1118 2043 1174 2129 911).
1188 2045 1293 2131 i‘rrmus
1306 2062 1371 2118 crgo
1385 2048 1433 2103 tuit
1446 2047 1597 2105 Serratoris
1609 2050 1748 2120 diaeonus,
1763 2064 1791 2110 ut
1802 2058 1856 2126 pri-

1058 2130 1118 2170 mus
1133 2132 1158 2172 rn
1173 2132 1319 2201 certamine
1334 2127 1444 2191 martyr.
1467 2120 1597 2191 Quodque
1611 2121 1661 2178 bac
1675 2124 1700 2177 in
1715 2140 1744 2181 re
1766 2126 1856 2195 siugu-

1059 2186 1115 2243 iare
1126 2196 1178 2269 est,
1194 2203 1246 2243 non
1264 2204 1334 2259 rgne,
1359 2205 1412 2244 non
1437 2190 1708 2261 1ιιιο,ιιοιι1ιιιι11ι,
1730 2210 1782 2252 uon
1797 2198 1857 2254 aliis
1906 2225 1908 2232 =

1058 2259 1224 2344 cruciatibus
1234 2260 1324 2329 y'nstus
1334 2259 1378 2316 hic
1392 2264 1549 2333 martyrium
1566 2264 1663 2325 subiit:
1678 2266 1725 2321 scd
1741 2267 1799 2322 solu
1816 2268 1856 2321 la·

1060 2328 1150 2398 prdunr
1160 2338 1243 2401 Jactrr.
1259 2328 1404 2400 Oportebat
1420 2331 1553 2403 lapidibus
1569 2342 1671 2390 mnium
1686 2341 1774 2392 ornari
1795 2339 1857 2395 Ste-

1059 2397 1188 2483 phanum,
1205 2416 1252 2485 seu
1268 2416 1405 2470 cercurum,
1420 2412 1448 2457 ιι
1466 2419 1499 2459 ex
1513 2404 1630 2475 lapidum
1643 2409 1797 2466 accessione
1810 2426 1856 2465 rc-

1059 2479 1150 2555 rrtatrs
1158 2482 1271 2543 gratiam
1282 2474 1415 2543 accipere.
1430 2473 1496 2529 Nam
1510 2478 1581 2531 velut
1597 2478 1622 2531 iu
1636 2492 1745 2533 aureum
1760 2494 1857 2550 eorpus

1061 2552 1151 2625 tnyectr
1162 2553 1225 2598 snut
1237 2543 1349 2613 lapidos,
1365 2546 1479 2599 maxime
1501 2560 1563 2603 rero
1577 2548 1602 2601 in
1614 2558 1705 2617 capot,
1721 2552 1791 2619 ntrorl
1806 2570 1856 2605 uu·

1059 2611 1140 2682 dique
1150 2614 1496 2697 sauguinecircumlluebat.
1507 2617 1858 2693 itocergoridentosmulti,

1060 2694 1192 2811 martyres
1204 2684 1291 2741 effectu
1306 2696 1377 2741 sunt.
1402 2686 1591 2744 Desiderabilis
1612 2704 1676 2760 crgo
1696 2694 1859 2751 certantibus

1061 2754 1126 2824 Step
1147 2770 1224 2839 antus,
1246 2772 1294 2812 seu
1316 2771 1426 2825 corona,
1450 2774 1510 2828 quse
1531 2770 1558 2814 ιι
1580 2758 1711 2817 honorem
1732 2761 1809 2819 atlert
1832 2776 1859 2819 et

1061 2826 1181 2881 certaudr
1195 2826 1304 2883 nrodmn
1320 2828 1414 2884 docet:
1430 2844 1491 2883 uaur
1503 2830 1529 2885 in
1541 2832 1656 2901 propriis
1668 2834 1859 2891 certaurinibus

1061 2896 1115 2952 dux
1130 2908 1180 2963 est,
1194 2907 1222 2954 et
1235 2899 1344 2955 nomine
1357 2898 1585 2957 suoadlrortatur.
1597 2901 1739 2969 Quarerel
1751 2906 1859 2973 stipsis

1062 2967 1141 3023 rebus
1154 2978 1217 3027 ante
1230 2969 1341 3025 Paulum
1354 2970 1467 3025 elamat:
1481 2970 1627 3029 luriculam
1640 2974 1689 3027 urei
1698 2984 1786 3041 estote,
1796 2977 1860 3033 ricrrt

1062 3049 1086 3093 et
1098 3056 1144 3109 epo
1156 3040 1249 3095 Christi
1264 3041 1302 3111 (1.
1319 3038 1377 3095 Cor.
1391 3041 1432 3098 11.
1445 3043 1483 3113 1).
1498 3044 1531 3099 Et
1544 3044 1636 3107 uerbo,
1651 3044 1746 3114 irrryrrit,
1758 3055 1786 3101 et
1795 3048 1859 3113 rita,

1062 3116 1091 3166 et
1106 3120 1193 3165 morte
1216 3112 1336 3167 onrniunr
1360 3112 1501 3167 Dominum
1521 3125 1650 3186 sequutus
1672 3130 1742 3169 sum.
1768 3116 1861 3176 Venite

1063 3195 1122 3244 ros,
1139 3181 1198 3239 haec
1209 3185 1311 3252 singula
1326 3197 1430 3239 mecum
1448 3185 1598 3252 iuritrruiui,
1614 3186 1861 3255 praesecuerunt

1063 3263 1174 3336 agentes
1187 3269 1249 3310 :res
1262 3254 1320 3338 lieri
1337 3265 1435 3324 potest,
1447 3263 1473 3310 et
1485 3266 1526 3312 ιιι
1546 3257 1696 3313 uolentibus
1710 3259 1792 3314 utilis.
1811 3259 1861 3315 ‘le-

1063 3337 1113 3407 sus
1127 3338 1260 3410 rgosuur,
1276 3341 1320 3396 qur
1336 3327 1437 3397 primus
1453 3337 1512 3392 ιιιιι
1526 3327 1666 3384 Dominum
1678 3331 1862 3390 decertarier

1064 3410 1167 3520 ssrrmus
1179 3413 1204 3450 m
1218 3397 1286 3452 cado
1300 3397 1404 3452 occulta
1420 3397 1483 3452 ridi.
1502 3397 1559 3452 tior
1574 3403 1646 3454 eninr
1665 3399 1698 3454 ad
1722 3399 1861 3456 dexteram

1086 3469 1152 3520 atris
1163 3466 1253 3522 lesum
1265 3476 1378 3522 stantem
1386 3483 1395 3534 ;
1409 3468 1527 3538 illudque
1537 3471 1624 3536 reipsa
1635 3473 1761 3541 conspexi
1773 3489 1780 3526 ι
1792 3471 1863 3528 Dixit

216 3493 267 3560 ιιοιι
280 3471 506 3543 errintrcirnrtpsid
500 3471 609 3596 ss‘fufu
618 3466 749 3553 (¹1⁸⁰·?‘3·
759 3463 954 3550 Dipsinriliter
963 3478 1012 3534 pro
1137 3538 1143 3549 Ι

216 3548 271 3630 tilis
285 3555 360 3630 rogat
374 3556 485 3626 martyr.
525 3552 690 3623 oratrseurnr,
706 3538 935 3618 innotueramus,
953 3551 1013 3588 ora-
1065 3535 1191 3622 Dornrnrn
1206 3537 1317 3593 Dourino
1332 3555 1398 3594 uteo.
1413 3537 1512 3594 Seuer
1526 3541 1705 3604 destrirnreir,
1725 3543 1863 3613 donrepo-

217 3628 262 3686 rrt,
275 3617 361 3671 urceus
372 3634 383 3671 .·
396 3613 507 3670 Dormire
524 3613 586 3669 terr
601 3611 711 3676 btrrrrte,
732 3625 766 3664 ne
778 3617 877 3664 statues
896 3607 948 3661 rtlrr
965 3605 1013 3660 icoc
1065 3624 1124 3661 nuru
1135 3609 1251 3664 rnruricor
1264 3621 1319 3664 ιιιιι
1332 3609 1470 3664 scutellam
1481 3613 1574 3680 pertram
1588 3622 1689 3666 tuorum
1702 3612 1787 3684 (Paul.
1800 3615 1862 3670 too.

218 3698 348 3815 ffi‘imm
364 3686 480 3769 (muz
499 3685 556 3752 59).
577 3683 668 3766 Neque
682 3678 772 3736 verbis
785 3676 1013 3780 trequeunperib'us
1066 3679 1092 3734 1.
1107 3677 1137 3748 ‘ll
1154 3697 1160 3733 :
1175 3679 1225 3750 ipsi
1238 3682 1322 3752 gloria
1338 3689 1366 3737 et
1379 3681 1520 3754 imperium
1533 3683 1560 3738 iu
1577 3683 1675 3740 saculi
1690 3685 1862 3740 saeculorum.

259 3775 359 3815 nrrmtm
371 3772 446 3828 sequi
457 3765 557 3828 martyr
564 3761 689 3820 cessarit,
704 3751 753 3808 sed
765 3759 792 3808 et
805 3763 961 3821 trrynrrarutn
974 3762 1015 3804 to-
1069 3751 1164 3805 hrncu,

218 3829 358 3887 iurantium
370 3839 397 3884 et
412 3828 547 3901 patientiae
561 3826 687 3882 virtutem
701 3821 820 3879 exhibuit
832 3839 839 3877 :
851 3827 1015 3892 quapropter

774 4295 816 4359 tx
836 4290 1046 4356 nomimant
1067 4291 1319 4367 SEQUENTEM.

256 4446 545 4532 Deeritiselocyueutie
556 4438 694 4528 specim
713 4439 824 4499 exhibet
837 4439 882 4496 hic
895 4437 1015 4510 quisquis
1028 4438 1064 4495 tit
1075 4447 1175 4504 orator,
1190 4447 1271 4510 atque
1280 4438 1307 4494 in
1321 4437 1479 4495 brevissimo
1487 4441 1617 4510 opusculo
1629 4441 1725 4498 nriruur
1737 4455 1863 4514 priamum

220 4521 303 4575 rerba
316 4518 447 4576 ruutrbter
456 4514 625 4586 multiplicat.

707 4723 740 4769 tlt
760 4719 889 4769 ΙΕΒῙΔΙ
910 4717 1135 4764 ΕΕΒΒΟΜΔΜΜ
1156 4719 1368 4766 antonionum.

925 4851 1158 4884 ...e-..-

143 5038 146 5044 ,
259 4964 574 5036 mamistanensem
588 4962 666 5019 nobis
680 4963 858 5034 pugnantibus
871 4961 940 5018 lrauc
952 4977 1015 5035 gra·
1069 4959 1244 5027 certantibus,
1259 4956 1282 5013 si
1297 4956 1413 5012 uictores
1425 4954 1490 5011 sint.
1507 4955 1555 5013 llle
1564 4970 1615 5014 nos
1628 4955 1663 5013 de
1677 4957 1744 5012 calo
1757 4958 1867 5016 roborat

223 5042 286 5097 tiam
295 5039 384 5107 dedit,
400 5046 428 5093 ut
438 5035 592 5092 rideremus
603 5035 741 5090 dimidium
751 5033 1015 5105 jeiuniictcertami·
1069 5033 1101 5090 ad
1118 5027 1343 5104 perseverandum
1359 5027 1384 5082 in
1396 5025 1510 5097 jejunio,
1526 5035 1553 5084 et
1566 5027 1601 5084 de
1613 5027 1680 5083 calo
1694 5030 1824 5098 promittit
1836 5045 1866 5086 se

222 5111 314 5169 nisad
330 5120 381 5166 tem
418 5109 531 5165 raetiam
555 5105 680 5163 instituti.
703 5105 858 5161 Ecceenim
876 5105 1016 5176 adjauuas
1066 5104 1161 5177 jejunii
1173 5101 1281 5158 athletis
1294 5099 1456 5155 charismata
1467 5098 1602 5154 daturum.
1617 5097 1657 5154 Ne
1668 5098 1866 5172 itaquesegnes
1932 5093 1943 5110 ⁸

223 5194 325 5240 samus
335 5197 361 5237 nr
397 5182 414 5237 li
424 5179 586 5251 ieiuniorum
597 5178 706 5250 agonis:
719 5190 783 5232 ecce
791 5176 868 5232 adest
877 5175 1016 5231 dimidium
1069 5177 1153 5232 simus
1163 5174 1196 5228 ad
1212 5172 1370 5235 certamina,
1386 5179 1415 5224 ut
1429 5168 1659 5239 perveniamusau
1673 5171 1746 5226 illam
1762 5187 1811 5256 pro
1823 5173 1866 5242 ie-

221 5255 396 5326 jelunromm.
412 5253 469 5334 hge
482 5263 557 5321 ergo,
579 5247 748 5320 agenotheta
767 5247 874 5302 Christo
892 5247 1015 5315 tidenter,
1066 5245 1339 5318 juniocorouatornm
1352 5240 1497 5296 civitatem.
1510 5239 1613 5295 Caelum
1625 5255 1740 5313 namque
1747 5257 1866 5300 crrcxnu·

223 5323 340 5382 secunda
353 5323 447 5393 jejunit
462 5320 609 5376 certamina
620 5317 816 5390 aggrediantur.
830 5317 889 5373 lam
901 5331 951 5388 per
962 5319 1017 5373 Do·
1070 5329 1135 5374 erint
1153 5315 1248 5388 jejunii
1274 5312 1397 5376 alumni;
1419 5311 1575 5382 angelorum
1596 5312 1743 5370 imitatores
1769 5315 1865 5371 cetum

152 5427 156 5436 ·
223 5397 289 5451 mini
301 5395 416 5466 gratiam
430 5392 464 5448 ad
478 5390 618 5467 dimidium
632 5389 712 5446 scala
735 5387 769 5443 ad
794 5388 874 5443 caelos
894 5389 1018 5444 ducentis
1069 5385 1383 5459 suscipit;y‘ejunantinur
1393 5382 1466 5438 enim
1476 5381 1530 5438 rita
1542 5381 1715 5440 erilestisest.
1729 5383 1864 5457 tejunium

224 5467 416 5539 perrenirnns:
429 5464 601 5520 absumamus
610 5461 690 5517 etiam
703 5468 823 5532 peccata,
838 5473 891 5513 nou
907 5458 1018 5514 dimidia
1070 5475 1186 5530 namque
1201 5457 1350 5512 homiuesa
1364 5461 1434 5509 terra
1449 5452 1476 5507 in
1491 5455 1585 5508 caelum
1608 5453 1745 5520 transfert,
1769 5457 1797 5510 in
1818 5471 1866 5512 arr·

225 5537 325 5600 solum,
340 5537 387 5591 sed
402 5534 503 5590 omnia.
522 5533 581 5588 tarn
597 5547 646 5604 pro
665 5533 706 5586 ius
720 5530 882 5585 accessimus
901 5529 935 5583 ad
950 5546 1019 5599 prae·
1069 5530 1245 5602 gelurumcyue
1257 5525 1380 5582 ordinem
1393 5522 1511 5588 adducit,
1529 5523 1661 5580 tacilema
1679 5534 1749 5582 terra
1762 5531 1790 5582 tn
1808 5541 1863 5584 ere·

225 5610 295 5664 ntia:
310 5622 465 5662 urancarnus
477 5620 541 5676 ergo
554 5605 579 5660 in
593 5614 633 5659 sta
654 5607 689 5658 iu.
703 5601 762 5658 tarn
779 5600 879 5671 trrlgent
891 5601 1017 5656 certami-
1071 5603 1126 5656 lum
1141 5600 1281 5657 transitum
1297 5593 1394 5660 reddit,
1409 5605 1436 5649 et
1449 5602 1511 5650 ante
1521 5594 1656 5652 caelestem
1670 5595 1770 5670 Regem
1783 5598 1864 5667 sistit,

227 5679 316 5747 nisarl
332 5678 535 5748 teruperautiam
556 5676 673 5744 suscepti
695 5673 854 5738 mercedes,
877 5671 1018 5742 splendent
1070 5671 1316 5739 immortaliumque
1343 5665 1474 5720 honorum
1505 5667 1700 5723 usumfructum
1735 5669 1864 5741 suppedi-

226 5750 412 5805 athleticarum
427 5748 554 5804 sudorum
565 5761 682 5811 coronae,
697 5745 800 5800 caelitus
815 5749 937 5812 prostant
954 5756 1016 5813 ago·
1070 5751 1119 5799 tut.
1134 5741 1299 5812 stupendum
1314 5736 1387 5792 eninr
1409 5745 1460 5804 est,
1486 5735 1593 5806 iratres,
1609 5739 1766 5796 certaminis
1780 5741 1865 5798 nostrl

188 5875 191 5879 .
226 5837 291 5879 auur
311 5821 429 5892 premia,
455 5835 514 5892 qua
535 5817 695 5890 agenotheta
711 5815 833 5874 Christus
853 5813 964 5872 daturus
977 5821 1019 5871 est
1069 5809 1334 5872 miraculoru.l’ueri
1357 5807 1506 5866 enimcum
1530 5807 1596 5867 viris
1619 5811 1865 5884 ungunturadpu·
