4084 6350
264 365 300 417 a'i
621 353 649 411 S.
668 350 807 410 ioannis
825 343 1062 406 cttatsueteitt
1081 343 1240 402 auctam.
1259 343 1526 403 pessinuntios.
1864 349 1905 406 Β

264 491 329 542 reni,
343 475 387 546 qui
403 475 438 529 ita
452 470 526 528 novit
539 485 569 526 ea
583 483 642 538 qiiae
653 467 700 524 liei
712 473 783 530 sunt,
795 473 824 518 ut
835 461 922 518 anima
937 458 1054 516 bominis
1109 466 1261 513 extremum
1273 457 1513 528 iioeimprobitatis
1522 453 1606 528 genus
1621 457 1682 518 esti
1695 458 1818 516 Attamen
1833 460 1902 516 latro

265 581 308 622 res
323 579 386 620 snas
397 564 480 626 nesii:
494 559 622 631 Spiritum
637 571 733 627 nempe
746 553 912 620 sanctitatis,
927 551 1056 623 Spiritum
1109 549 1154 600 ille
1167 547 1201 608 ad
1213 562 1346 604 summum
1359 549 1464 605 virtutis
1476 547 1681 619 apicemstatiui
1692 552 1822 620 peruenit,
1836 563 1863 608 et
1874 555 1903 609 in

264 665 383 718 rectum,
399 654 443 724 qui
458 651 547 722 dirigit
559 657 586 707 et
598 649 671 705 ducit
685 647 710 702 iu
730 645 844 711 caelum,
858 646 903 716 qni
919 647 1002 698 uovo's
1012 631 1063 696 dat'
1110 637 1260 708 paradisum
1280 638 1363 704 abiit,
1385 653 1436 699 nec
1455 638 1578 709 piurimis
1591 639 1695 707 diebus,
1719 655 1770 696 uec
1791 641 1903 698 dimidio

265 747 369 812 oeulos,
383 745 428 816 qui
443 743 469 798 id
484 741 604 799 eiileitui
618 739 704 795 iatiira
716 747 849 810 tamquam
864 735 1003 806 prasentia
1017 733 1058 788 ri·
1109 727 1153 784 die
1166 743 1233 800 opus
1246 727 1353 796 iaabuit,
1367 729 1414 786 seii
1430 729 1505 785 brevi
1528 737 1631 785 tantum
1644 740 1791 788 momento.
1811 732 1905 803 tuque

264 838 396 903 desimus,
412 835 478 890 etin
493 847 573 890 carue
588 831 703 887 caelestii
724 831 886 885 intueamur.
905 827 956 883 Per
974 835 1056 882 totam
1110 819 1173 876 licet
1184 828 1294 890 repente
1308 821 1415 888 mutari,
1430 830 1457 876 et
1471 837 1582 876 aureum
1597 837 1629 877 ex
1652 822 1725 880 luteo
1742 821 1821 879 eitci.
1836 822 1905 879 (luni

264 943 330 999 ergo
342 929 423 982 vitam
437 939 486 982 uos
499 927 523 982 ei
535 925 627 981 sedatu
636 931 664 979 et
674 922 819 993 tranquillo
831 922 920 978 animo
932 919 1058 976 exhibea·

265 1032 341 1074 mus:
352 1019 564 1087 ncmoignavus,
580 1029 658 1070 nemo
669 1014 875 1080 somniculosus,
891 1011 934 1068 vei
948 1010 1060 1067 maculis

266 1122 406 1180 respersus
420 1107 463 1162 iiie
472 1112 577 1161 mancat
587 1104 647 1159 :sed
657 1105 683 1159 iu
692 1103 786 1159 caelum
796 1101 1058 1170 nostraosleramns,

266 1201 312 1254 iiiii
320 1198 481 1269 evangelista
489 1197 606 1268 loquitur
616 1197 648 1252 iis
658 1195 703 1268 qui
712 1196 773 1252 istic
780 1203 983 1252 conversantur.
991 1194 1019 1250 Si
1033 1194 1059 1249 in

268 1297 339 1344 terra
356 1301 520 1351 maneamus,
539 1285 602 1342 ltine
615 1287 681 1341 iiiiiil
695 1287 759 1341 lucri
771 1285 911 1342 referimus
927 1303 933 1341 a
950 1284 1060 1340 biennis

267 1378 366 1447 quippe
380 1375 519 1446 disciplina
528 1377 595 1431 uiiiil
604 1378 698 1431 attinet
708 1375 806 1443 adeos,
819 1375 864 1444 qui
877 1390 892 1430 a
904 1374 956 1429 viia
971 1375 1061 1445 porcis

266 1465 345 1536 digua
355 1481 408 1521 nou
419 1465 567 1534 absistunt,
584 1466 808 1536 quemadmodum
821 1465 887 1520 nihii
899 1465 1011 1520 attinent
1026 1463 1068 1518 ad·

267 1567 329 1610 eum
344 1569 388 1609 res
398 1554 533 1610 bumanae.
548 1555 659 1611 Tonitru
669 1556 787 1626 quidem,
804 1555 969 1610 inconditum
981 1553 1060 1608 emit·

268 1651 328 1698 tens
343 1657 458 1713 sonum,
481 1645 586 1702 animos
608 1655 714 1701 nostros
733 1645 935 1716 perterrefacit;
951 1644 1062 1700 ioannis

267 1741 357 1789 autem
373 1749 425 1790 vox
439 1735 572 1791 neminem
584 1735 701 1792 fidelium
717 1736 817 1804 turbat,
834 1737 888 1791 imo
902 1749 934 1790 ex
947 1734 1062 1790 tumultu

268 1833 296 1880 et
310 1827 511 1896 perturbatione
524 1827 634 1896 eximit,
649 1828 766 1898 solisque
780 1827 945 1884 dementibus
967 1827 1062 1888 terrori

270 1923 322 1981 est,
336 1922 365 1970 et
376 1915 527 1973 daemonum
538 1919 632 1974 seruis.
642 1915 677 1974 iit
691 1917 827 1975 videamus
841 1931 904 1988 crgo
919 1933 972 1988 quo
986 1914 1069 1988 pacto'

166 2040 172 2055 .
273 2005 334 2062 illos
347 2014 457 2074 terreat,
471 2015 499 2065 et
510 2009 599 2064 animo
613 2009 740 2065 sileamus
754 2018 781 2064 et
795 2025 851 2070 ore,
867 2009 957 2066 annuo
973 2018 1063 2066 tamea

270 2096 402 2152 maxine.
413 2097 541 2166 Quanam
556 2097 672 2166 utilitas,
686 2113 747 2153 oum
763 2106 869 2154 tacente
883 2113 944 2165 ore,
958 2099 1065 2156 aiiiiiius

274 2186 468 2242 tumultuatur?
482 2187 585 2242 dcimae
608 2188 724 2257 quietem
740 2201 850 2258 quaero,
865 2188 934 2258 quia'
947 2189 1064 2244 animam

271 2275 423 2332 audientem
438 2285 545 2348 exopto.
560 2276 636 2332 Nulla
657 2290 722 2346 ergo
741 2291 790 2332 uos
804 2285 970 2333 commoveat
983 2293 1064 2348 pecu-

272 2365 326 2423 niae
336 2367 478 2437 cupiditas,
495 2367 583 2423 nuilus
593 2367 685 2438 gloriae
700 2381 784 2431 amor,
800 2382 852 2422 nun
863 2367 910 2422 irai
926 2369 1063 2440 tyrannis,

272 2470 326 2512 non
338 2455 451 2514 aliorum
462 2459 605 2514 affectuum
616 2457 754 2513 tumultus.
764 2457 822 2514 lion
831 2466 919 2528 potest
932 2459 1002 2514 euim
1010 2473 1065 2514 uon
1089 2447 1095 2460 ⁸

272 2558 401 2620 purgatus
412 2550 518 2606 auditus
531 2551 666 2612 dictorum
685 2549 887 2616 sublimitatem,
903 2559 931 2606 ut
941 2555 992 2621 ‘pai
1003 2559 1064 2618 est,

274 2642 317 2697 vel
341 2656 455 2714 capere,
481 2643 523 2699 vei
547 2657 672 2698 arcanam
699 2649 726 2699 ct
749 2643 914 2698 tremendam
937 2641 1066 2699 borumee

272 2736 461 2806 mysteriorum
473 2736 614 2802 rationem,
629 2743 794 2806 caeterasque
808 2735 921 2790 virtutes
934 2747 1027 2790 omnes
1038 2735 1065 2789 in

274 2824 316 2879 iiis
330 2826 447 2881 oraculis
468 2832 608 2882 contentas
627 2833 752 2881 accurate
765 2837 936 2895 adgnoscere.
950 2822 978 2880 Si
993 2824 1066 2879 cuim

274 2915 338 2971 tibia
353 2923 380 2970 et
394 2916 495 2972 eitiiara
515 2915 607 2972 ludere
622 2929 703 2972 nemo
720 2915 861 2980 didicerit,
883 2914 935 2970 nisi
953 2914 985 2970 iis
1006 2916 1065 2970 ani·

274 3021 346 3062 muru
359 3005 522 3074 adbibuerit,
532 3007 666 3078 quomodo
678 3009 804 3078 mysticas
813 3018 893 3062 voces
902 3000 961 3076 quis
969 3005 1066 3062 sedens

274 3096 375 3160 audiat,
388 3097 410 3151 si
425 3097 529 3152 animus
542 3097 568 3152 in
582 3097 693 3167 segnitie
705 3096 804 3168 degat‘.i

308 3188 334 3244 5.
359 3186 421 3244 idea
440 3188 561 3245 Cliristus
583 3188 625 3244 liis
641 3202 691 3244 uos
711 3186 801 3244 verbis
818 3187 960 3244 admonet:
978 3186 1067 3243 Nolite

272 3280 334 3334 dure
346 3287 435 3335 saneto
447 3280 566 3346 cunibus,
582 3296 663 3346 neque
681 3279 822 3351 projicietis
839 3278 994 3350 magaritae
1008 3286 1068 3334 erite

273 3384 362 3440 porcos
379 3366 494 3447 (gidottli.
511 3371 540 3425 'l.
556 3370 602 3441 iil.
619 3370 773 3441 llargaritas
785 3370 842 3425 lime
854 3370 935 3427 rerba
950 3372 1065 3442 vocavit,

273 3458 335 3515 licet
349 3459 406 3515 hcec
420 3460 569 3531 margaritis
583 3460 661 3531 longe
679 3460 838 3531 pretiosiora
851 3460 922 3527 siut,
942 3460 1002 3532 quia
1017 3462 1067 3517 iiac

273 3552 384 3606 materia
407 3551 480 3607 nulia
502 3550 680 3621 praestantior.
706 3549 768 3607 ideo
791 3550 886 3605 lioriini
911 3564 1065 3607 sermonum

271 3640 428 3697 suavitatem
436 3642 507 3697 melli
520 3654 675 3711 comparare
682 3641 761 3707 solet,
773 3655 826 3697 nou
834 3642 905 3711 quod
918 3643 970 3696 mel
981 3642 1066 3712 ipsam

272 3746 378 3802 :equare
403 3733 556 3803 possit,sed
582 3732 653 3803 quoii
678 3732 743 3787 nibil
766 3732 846 3789 melle
869 3732 972 3788 dulcius
994 3735 1066 3804 apud

272 3836 322 3882 uos
340 3822 386 3879 sit.
404 3822 470 3877 ilani
490 3822 561 3893 quod
576 3831 604 3877 et
613 3836 778 3893 gemmarum
792 3823 917 3893 pretium,
936 3831 963 3879 et
977 3824 1066 3880 mellis

272 3913 431 3972 suavitatem
442 3914 522 3984 longo
536 3913 677 3969 intervallo
689 3924 825 3985 superent,
835 3914 896 3969 audi
907 3916 1064 3987 proplietam

272 4004 331 4061 iiico
340 4013 505 4063 asserentem
515 4004 557 4061 iiis
569 4004 676 4061 verbis:
692 4005 877 4063 Desidirnliiio
887 4002 963 4079 super
974 4004 1076 4064 uui-uui·

271 4104 295 4152 et
314 4095 425 4166 lapidem
445 4096 580 4165 pretiosum
594 4096 716 4163 multam,
739 4106 763 4152 et
781 4098 897 4153 dulciore
917 4115 994 4169 super
1015 4098 1074 4157 uiei'

271 4195 294 4245 et
315 4190 399 4258 {cunm
414 4188 424 4260 (
440 4186 513 4243 Psoi.
536 4188 579 4245 t8.
598 4188 643 4245 tt.
665 4188 736 4259 t2);
760 4189 807 4245 scd
825 4190 894 4246 bene
913 4190 1065 4249 valentibus

272 4286 390 4345 tantum;
405 4279 465 4335 ideo
475 4278 608 4346 subdidit,
622 4280 724 4335 Etenim
735 4296 821 4336 rerunt
834 4290 892 4337 tuiis
902 4284 1011 4337 custodit
1023 4298 1063 4338 eo.

272 4368 306 4425 tii
319 4370 382 4425 aiibi
394 4384 518 4440 quoque,
532 4386 593 4427 cum
608 4372 695 4427 dulcia
714 4371 843 4445 dixisset,
860 4372 978 4442 addidit,
992 4373 1065 4428 Fou-

270 4460 339 4517 citur
352 4462 424 4517 nidi.
441 4462 523 4529 Quom
533 4462 630 4529 dulcio,
647 4463 742 4534 inquit,
757 4462 872 4535 [audiui
886 4466 947 4519 uicis
964 4464 1065 4537 cloquio

269 4558 332 4615 tuo,·
343 4560 371 4607 et
394 4550 579 4609 excellentiam
594 4550 707 4611 eliciens
722 4554 812 4620 addit,
826 4553 912 4626 Super
923 4556 974 4611 niel
985 4566 1008 4611 et
1020 4557 1063 4626 {o-

269 4658 328 4697 oiim
337 4646 377 4699 οη·
391 4662 445 4701 ineo
458 4645 701 4718 (cecinistis),
713 4649 773 4719 quia
788 4664 852 4705 sana
867 4659 955 4706 mente
966 4648 1063 4721 pradi-

269 4742 312 4791 tus
327 4744 395 4793 erat.
408 4736 448 4793 Ne
462 4738 549 4810 itaque
564 4740 658 4795 inorbo
677 4738 763 4796 allecti
777 4740 835 4798 haee
854 4742 992 4821 adeamus,
1014 4743 1063 4801 scd

268 4834 330 4895 post
354 4837 527 4899 expurgatum
546 4831 680 4899 animum,
706 4830 779 4888 liuuc
799 4832 887 4889 cibum
913 4826 1061 4892 sumamus

268 4915 332 4973 ideo
352 4934 468 4989 namque
488 4928 527 4976 tet
542 4922 637 4979 verbis
651 4924 796 4993 praemissis
815 4924 932 4981 noudum
956 4925 1062 5001 adli-uc

247 5032 252 5042 ·
268 4996 429 5066 deveneram
439 5050 447 5078 ,
459 5020 488 5067 ut
507 5012 603 5084 singoli
618 5015 815 5086 omuidepuiso
830 5018 939 5088 morbo,
953 5032 984 5075 ac
998 5019 1060 5090 siin

266 5101 361 5157 culum
375 5103 523 5169 intrarent,
540 5106 579 5161 sic
592 5105 641 5174 ira,
650 5108 733 5177 euris,
745 5108 967 5168 sollicitudinibus
977 5122 1060 5170 ecete-

267 5190 357 5261 iisque
383 5193 464 5249 animi
489 5194 627 5253 allectibus
660 5200 736 5255 vacui
762 5200 974 5273 ingrederentur.
1000 5204 1060 5262 tion

268 5294 409 5350 pessumus
419 5284 490 5341 enlm
503 5285 565 5343 iiiuc
577 5288 639 5359 quid
654 5304 776 5362 magnum
795 5293 909 5359 lucrari,
925 5294 975 5351 nisi
986 5298 1061 5366 prius

265 5372 382 5430 animam
397 5378 431 5433 ita
446 5380 656 5451 purgaverimus.
671 5382 724 5440 lieo
738 5384 804 5440 milii
815 5384 874 5457 quis
884 5386 1059 5461 dicai,breue
1103 5385 1110 5399 ¹

266 5472 373 5537 tempus
395 5469 465 5526 inter
486 5471 555 5530 lianc
581 5482 609 5530 et
628 5484 783 5547 sequentem
806 5479 963 5536 concionem
986 5494 1057 5539 esse.

267 5553 424 5615 Lieeteuim
444 5573 500 5619 nou
521 5564 609 5620 solum
628 5566 732 5623 dierum
753 5568 871 5640 quinque
892 5570 989 5640 spatio,
1010 5570 1059 5627 sed

264 5649 345 5707 etiam
369 5669 422 5710 iiiio
446 5658 573 5727 temporis
595 5670 732 5717 muniente
753 5662 834 5717 uitam
851 5669 932 5717 totam
954 5672 1058 5719 matare

263 5744 343 5815 Quid,
359 5764 461 5820 queso,
479 5748 582 5809 latione
595 5761 622 5810 et
637 5753 769 5811 iiumicida
784 5753 943 5811 scelestius?
965 5770 1055 5812 annon

1111 911 1182 966 enim
1196 925 1281 980 necque
1296 920 1390 977 viriam,
1415 926 1501 981 neque
1525 911 1618 967 vitium
1636 929 1668 968 er
1692 924 1785 969 natura
1809 913 1902 981 insint,

1112 1003 1198 1059 iaciiis
1213 1010 1258 1059 est
1271 1004 1397 1072 mutatio,
1413 1006 1485 1059 ouini
1500 1004 1660 1061 necessitate
1673 1005 1766 1061 libera.
1779 1005 1810 1062 Si
1819 1007 1906 1060 uolue-

1112 1095 1168 1150 ritis
1188 1104 1213 1151 ct
1234 1096 1364 1152 maluisti
1388 1114 1445 1164 me,
1461 1097 1564 1168 inquit,
1587 1098 1653 1154 iuno
1673 1107 1746 1154 terrie
1770 1100 1905 1154 comedetis

1114 1181 1202 1258 (lici.
1218 1188 1243 1242 l.
1261 1185 1323 1260 lii).
1340 1185 1434 1243 Viden*
1447 1189 1504 1244 sola
1527 1203 1594 1258 opus
1617 1204 1678 1246 csse
1692 1191 1842 1246 volumtate:
1860 1205 1906 1244 ιο-

1115 1278 1232 1346 luntate,
1253 1281 1380 1355 inquam,
1403 1295 1455 1336 non
1476 1280 1578 1351 uulgari
1594 1279 1638 1336 ilia
1653 1295 1713 1350 quai
1728 1281 1905 1351 plummorum

1114 1380 1171 1438 est,
1185 1371 1233 1430 sed
1247 1371 1376 1444 diligenti.
1391 1372 1453 1428 Scio
1463 1373 1561 1444 quippe
1579 1387 1673 1428 omues
1685 1373 1712 1427 iu
1731 1373 1824 1428 caeluni
1840 1387 1906 1426 avo·

1115 1463 1171 1518 lire
1196 1463 1286 1530 velle;
1314 1463 1362 1520 sed
1386 1463 1509 1518 uoluntas
1535 1463 1662 1533 operibus
1682 1461 1832 1519 ciliibeuda
1854 1472 1905 1537 est.

1115 1550 1250 1622 Siquidem
1262 1563 1395 1608 mercator
1406 1553 1461 1608 vult
1481 1554 1627 1618 ditescere,
1642 1569 1728 1626 neque
1741 1555 1864 1611 veliintis
1880 1555 1906 1608 iu

1115 1643 1275 1713 cogitatione
1288 1651 1390 1696 tantum
1402 1643 1540 1708 coiisistit;
1552 1642 1599 1698 sed
1612 1643 1700 1698 navim
1713 1653 1797 1714 parit,
1812 1653 1907 1698 iiautas

1115 1735 1196 1806 cogit,
1219 1736 1424 1807 gubernatorem
1448 1738 1563 1793 accersit
1571 1779 1587 1828 g
1603 1739 1759 1810 caterisque
1782 1739 1909 1796 omuibus

1117 1826 1204 1880 navim
1220 1827 1344 1895 iustruit,
1357 1843 1451 1884 aurum
1471 1837 1615 1896 mutuatur,
1636 1829 1745 1900 pelagus
1759 1831 1864 1901 trajicit,
1880 1831 1907 1884 in

1116 1917 1282 1987 peregrinam
1293 1925 1390 1972 terram
1404 1919 1592 1989 proficiscitur,
1605 1920 1722 1989 pericula
1732 1921 1813 1976 mulia
1824 1921 1906 1988 subit,

1116 2007 1220 2078 aliaque
1241 2008 1353 2078 plurima
1367 2009 1476 2079 patitur,
1492 2025 1554 2079 qum
1573 2017 1671 2064 norunt
1693 2011 1709 2064 ii
1723 2011 1768 2080 qui
1784 2011 1910 2081 navigare

1116 2099 1212 2155 soicm.
1233 2099 1269 2154 lta
1283 2116 1333 2156 nos
1351 2110 1456 2172 oportet
1469 2099 1631 2157 volumtatem
1644 2102 1780 2157 ealiibevc.
1795 2103 1908 2174 Naviga-

1117 2206 1177 2246 mus
1191 2201 1218 2247 ct
1230 2206 1280 2248 uos
1292 2207 1406 2263 quoque,
1422 2207 1476 2248 non
1489 2193 1522 2248 ab
1534 2194 1587 2248 aiis
1601 2194 1627 2248 in
1640 2194 1718 2248 aliam
1734 2183 1842 2261 (errem,
1857 2193 1905 2248 sed

1117 2301 1133 2341 a
1156 2295 1226 2343 ιοιιιι
1251 2287 1277 2340 iu
1300 2287 1405 2342 catium.
1428 2286 1481 2341 Nos
1504 2301 1569 2357 crgo
1590 2294 1681 2342 mente
1703 2301 1860 2356 apparemus
1874 2285 1909 2342 aii

1116 2379 1421 2450 gubernationemque
1440 2392 1490 2433 uos
1508 2392 1624 2448 superne
1645 2378 1740 2442 ducat,
1760 2391 1792 2438 ae
1815 2385 1909 2432 nautas

1117 2469 1306 2540 obsequentes,
1316 2469 1473 2539 firmamque
1483 2469 1570 2524 norim
1582 2468 1659 2524 nobis
1668 2483 1864 2538 comparemus,
1874 2483 1909 2524 ue

1118 2559 1269 2632 calamitate
1283 2557 1397 2630 quadani
1420 2559 1544 2614 saeculari
1567 2561 1608 2614 vei
1630 2559 1755 2615 mestitia
1771 2559 1909 2630 demerga-

1118 2667 1188 2718 mur,
1200 2666 1269 2708 neve
1280 2652 1439 2722 arrogantie
1452 2651 1548 2722 spiritu
1565 2650 1718 2726 efferamur,
1732 2651 1780 2708 sed
1796 2653 1868 2709 leros
1881 2659 1910 2707 et

1119 2741 1234 2812 expediti
1249 2724 1343 2796 simus.
1355 2740 1383 2797 Si
1397 2741 1432 2796 ita
1441 2741 1528 2794 navim
1538 2782 1547 2808 ,
1558 2740 1764 2811 gubernatorem
1775 2749 1804 2796 et
1814 2749 1910 2797 nanim

1119 2847 1253 2904 paremus,
1266 2831 1385 2888 secunde
1397 2838 1477 2887 rento
1488 2831 1680 2902 navigabimus,
1688 2831 1838 2907 Filiumque
1851 2831 1909 2897 tici,

1118 2941 1210 2982 verum
1225 2925 1447 2997 gubernatorem,
1466 2923 1501 2979 ad
1523 2917 1769 2990 nos'nttriliemus,
1786 2922 1831 2994 qui
1855 2938 1911 2979 non

1119 3017 1190 3072 siuet
1203 3016 1329 3087 scapham
1345 3024 1463 3071 nostram
1478 3015 1618 3087 demergi:
1633 3015 1680 3072 sed
1701 3015 1763 3071 licet
1777 3015 1910 3072 innumeri

1118 3108 1221 3179 spirent
1233 3107 1322 3175 renti,
1336 3114 1432 3161 ventos
1448 3105 1492 3162 ille
1506 3106 1654 3179 increpabit
1667 3115 1695 3162 et
1712 3121 1796 3175 mare,
1812 3108 1910 3162 civice

1119 3201 1244 3272 procellae
1257 3200 1475 3273 tranquillitatem
1489 3201 1586 3257 ciliciet
1599 3215 1732 3272 magnam.

1154 3296 1181 3351 d.
1202 3292 1344 3363 Drmriptio
1361 3293 1553 3362 dispositionum
1569 3308 1626 3365 quse
1641 3293 1676 3345 od
1690 3291 1844 3363 mespelium
1863 3308 1911 3347 ati·

1119 3386 1239 3442 diensium
1248 3371 1417 3456 requiruntur.
1432 3384 1598 3439 Tlieotroritm
1612 3384 1755 3453 spectaculo
1776 3381 1908 3455 fugienda,

1120 3468 1365 3549 Poctitcuuiiieoet
1381 3473 1828 3530 ldccleiioim'tirstanditandttcutos
1836 3489 1910 3529 aures

1119 3567 1290 3637 prebendam.
1302 3595 1339 3608 -
1348 3564 1393 3625 Sic
1406 3565 1552 3635 comparati
1564 3564 1598 3619 ad
1618 3572 1771 3635 sequentem
1792 3563 1910 3620 accedito

1116 3656 1294 3721 concionem,
1308 3656 1331 3711 si
1344 3666 1431 3710 tamen
1444 3656 1557 3725 cupiatis
1571 3654 1635 3711 utile
1648 3654 1783 3725 quidpiam
1798 3654 1910 3721 audire,

1119 3747 1193 3803 etin
1215 3755 1305 3802 moute
1326 3760 1467 3816 reponere.
1491 3745 1575 3800 Nemo
1598 3745 1634 3801 sit
1654 3746 1706 3812 via,
1732 3759 1810 3829 nemo
1823 3752 1909 3815 petra,

1119 3853 1198 3894 neme
1211 3837 1294 3907 spinis
1317 3838 1445 3908 repletus.
1468 3836 1609 3892 Faciamus
1623 3837 1758 3907 nosipsos
1777 3837 1908 3893 novales:

1118 3929 1209 3995 sicque
1225 3927 1317 3984 libenti
1329 3928 1418 3983 animo
1430 3928 1532 3984 semina
1549 3928 1693 3997 jaciemus,
1708 3928 1730 3983 si
1746 3942 1840 3997 nempe
1855 3936 1910 3983 ter-

1118 4037 1175 4092 ram
1188 4036 1282 4093 param
1296 4021 1450 4085 videamus;
1471 4021 1513 4076 sin
1526 4030 1618 4077 contra
1632 4030 1767 4092 petrosam
1780 4029 1807 4077 ct
1827 4036 1908 4093 aspe·
1965 4052 1970 4061 ·

1118 4128 1193 4189 ram,
1208 4112 1338 4183 ignoscite
1359 4112 1382 4166 si
1396 4111 1512 4168 nolimus
1532 4110 1630 4168 irustra
1650 4112 1792 4169 laborare:
1808 4114 1909 4169 namsi

1118 4203 1233 4260 serendo
1260 4203 1439 4272 desistentes,
1467 4206 1630 4276 coeperimus
1656 4204 1747 4275 spinas
1774 4204 1908 4271 evellere,

1119 4307 1181 4353 tune
1212 4305 1337 4353 extremm
1352 4296 1496 4353 dementiae
1516 4305 1588 4354 esset
1609 4295 1635 4352 iu
1656 4293 1759 4352 'terram
1782 4296 1908 4353 incultam

1118 4388 1221 4445 semina
1233 4388 1332 4459 jacere.
1349 4388 1433 4458 liujus
1446 4388 1584 4445 concionis
1595 4386 1756 4458 auditorem,
1779 4404 1832 4444 non
1845 4389 1911 4445 licet

1117 4494 1218 4537 mensae
1238 4478 1436 4535 daemoniorum
1458 4494 1518 4536 esse
1542 4481 1708 4551 participem.
1735 4474 1811 4549 Quod
1835 4481 1909 4535 onim

1117 4571 1280 4627 consortium
1290 4569 1420 4641 justitiam
1436 4570 1506 4626 inter
1516 4580 1543 4627 et
1554 4570 1719 4643 iniquitatem
1729 4571 1741 4625 l
1752 4570 1814 4627 Stes
1825 4569 1910 4625 ioan·

1117 4662 1158 4717 nis
1168 4660 1282 4729 auditor,
1296 4675 1328 4716 ac
1340 4673 1388 4730 per
1398 4662 1470 4716 ilium
1481 4676 1512 4717 ca
1522 4677 1582 4733 quse
1591 4652 1706 4733 Spiritus
1716 4671 1779 4718 suut
1791 4662 1907 4719 ediscis:

1116 4761 1144 4809 et
1165 4760 1257 4824 postea
1276 4750 1397 4808 abscedis
1422 4753 1577 4810 meretrices
1601 4752 1756 4820 auditurus,
1780 4752 1908 4821 obscoena

1116 4844 1273 4915 loquentes,
1288 4843 1456 4901 obscoeniora
1469 4852 1692 4915 repraesentantes
1707 4845 1770 4917 (o),
1793 4854 1821 4903 et
1843 4846 1909 4901 eile-

1116 4936 1231 4991 miuatos
1243 4936 1287 5006 qui
1306 4951 1339 5003 ,se
1354 4944 1447 4992 mutuo
1462 4936 1547 5007 alapis
1561 4935 1689 4993 cedunt?
1703 4936 1842 5005 Quomodo
1856 4952 1907 5009 po·

1116 5028 1180 5085 teris
1192 5028 1276 5101 probe
1287 5028 1357 5083 ablui
1368 5038 1396 5084 et
1405 5030 1522 5099 purgari,
1537 5030 1563 5085 iu
1579 5036 1651 5085 tanto
1662 5044 1741 5087 etune
1754 5029 1907 5086 voluutas?

1115 5119 1184 5189 Quid
1198 5135 1265 5191 opus
1283 5127 1325 5175 cst
1336 5120 1539 5177 obscoenitatem
1555 5120 1627 5176 iilam
1650 5128 1732 5177 totam
1755 5121 1910 5196 minutatim.

1115 5212 1274 5269 recensere?
1286 5210 1381 5267 Omnia
1392 5211 1443 5268 iilic
1457 5211 1537 5279 risus,
1548 5214 1637 5269 omnia
1649 5212 1906 5285 opprobriumcou·

1115 5302 1242 5371 tumelim,
1255 5302 1365 5358 dicterio
1378 5323 1384 5359 :
1395 5303 1483 5357 omnia
1495 5302 1644 5371 dissolutio,
1659 5305 1747 5361 omnia
1761 5304 1904 5375 pernicies.

1115 5373 1184 5448 b‘cee
1208 5392 1325 5464 praedico
1353 5402 1380 5447 et
1405 5394 1534 5449 annuntio
1555 5394 1679 5451 omnibus
1704 5396 1797 5450 vobis:
1825 5408 1905 5450 nenio

1113 5498 1220 5553 eorum,
1241 5484 1286 5555 qui
1301 5484 1351 5541 iiac
1363 5500 1455 5542 mensa
1471 5483 1605 5555 linuntur,
1621 5488 1736 5543 aoiiiiam
1756 5501 1832 5543 suasu
1845 5487 1904 5544 exi·

1138 5639 1175 5713 (a)
1192 5638 1340 5688 ttistrioaum
1350 5651 1420 5690 more
1436 5642 1461 5690 ln
1470 5640 1570 5712 tiieairo
1580 5648 1801 5703 repraesentantes,
1812 5642 1835 5713 iii
1848 5654 1905 5715 qua>

1112 5708 1191 5763 turpia
1208 5699 1363 5753 menualium
1374 5711 1531 5753 meretricum
1544 5702 1682 5767 spectacula
1702 5716 1767 5769 sirpe
1781 5703 1903 5754 turcliiiiu

1112 5764 1302 5824 Ciuqsoetemus
