4084 6350
254 406 305 469 til
618 399 647 455 S.
666 393 805 454 loturus
822 381 1062 448 cllulsusltlttl
1080 383 1238 442 suculae.
1253 384 1518 445 cuusrldlldoe.
1836 385 1892 446 Π,

252 509 1044 592 namquiviolentascurporumcupiditatessuperaverant:
1100 497 1788 571 lluminum,imoctiambumlucsipsuslaudatnrcs
1798 498 1888 556 hana,

255 618 284 675 bl
295 629 368 687 sepe
382 628 397 668 a
413 626 480 668 cana
490 609 575 682 gloria
585 607 654 676 capti
664 604 753 660 omnia
768 601 951 672 perdiderunt.
964 597 1048 669 llrrjus
1098 594 1126 652 st
1141 595 1174 651 ad
1188 595 1252 650 illud
1266 594 1400 651 tlreatrum
1410 594 1571 664 respexeris,
1586 593 1610 651 si
1623 607 1738 649 commas
1752 591 1810 648 illas
1820 592 1891 649 didi·
1955 583 1958 586 ⁴

257 709 316 766 victl
328 720 419 769 causa,
433 703 479 776 qui
496 701 608 757 ocultum
623 697 790 754 laboraverat
803 736 810 760 ,
827 691 862 746 ab
874 707 907 748 eo
922 691 966 762 qui
982 688 1047 744 nibil
1098 688 1179 757 ceris,
1192 689 1215 744 si
1226 688 1260 744 ad
1273 689 1333 745 illos
1344 689 1453 759 plausus
1464 697 1489 744 tc
1501 685 1684 744 transtuleris:
1696 693 1800 743 terrena
1812 701 1890 742 num·

255 799 374 865 laboris,
395 795 443 853 scd
455 794 539 851 multa
561 797 668 862 peccata
683 785 847 851 admiserat,
862 780 1013 838 Pharisaeus
1031 793 1047 834 a
1099 796 1177 851 quam
1193 781 1396 846 tedetinebom,
1415 796 1468 836 noo
1487 794 1581 852 magara
1592 775 1734 848 praesentia
1744 777 1888 848 reputabis,

255 892 396 967 publicano
409 888 494 944 uictus
516 894 565 941 est.
590 882 626 937 llt
640 880 691 936 boc
712 893 838 936 accusare
857 875 951 932 uilium
973 871 1047 928 nollo
1099 887 1153 929 uun
1164 873 1284 931 absentia
1298 890 1413 948 quaeres.
1425 873 1453 930 ln
1465 873 1515 948 bac
1525 874 1625 946 quippe
1636 873 1709 946 regia
1721 879 1892 931 nemosstcl-

254 987 347 1043 labore
362 993 505 1054 possumus
519 977 528 1048 l
543 989 636 1030 onrnes
649 972 720 1029 euim
738 968 861 1028 eumdem
878 969 966 1039 ipsum
984 962 1042 1020 cal·
1099 962 1177 1020 litum
1191 968 1326 1038 regiorum
1339 1006 1348 1034 ,
1361 981 1415 1021 non
1429 979 1528 1021 curans
1547 964 1670 1021 diadema
1681 967 1813 1036 gestsmis
1825 976 1852 1022 qr
1864 967 1891 1022 in

255 1065 345 1136 culum
361 1074 449 1131 lerunt
464 1070 474 1143 )
487 1087 495 1136 ;
509 1067 579 1140 quod
594 1067 722 1137 quaritur
735 1071 824 1120 autem
840 1071 897 1129 est,
913 1057 1048 1132 quomodo
1100 1058 1169 1115 sollu
1192 1059 1310 1115 sedentis
1323 1059 1436 1132 gratiam
1449 1100 1457 1126 ,
1472 1059 1641 1131 graculorum
1655 1073 1734 1116 voces
1753 1059 1891 1123 imitatur,

254 1172 342 1244 ipsum
362 1177 489 1238 superare
506 1161 649 1232 possimus.
661 1156 801 1226 Quomodo
814 1169 879 1226 ergo
894 1149 1047 1224 prodigabi·
1100 1164 1254 1207 muscarum
1275 1160 1303 1205 ct
1324 1151 1439 1206 culicum
1463 1149 1611 1206 volantium
1633 1149 1776 1206 stridorem
1797 1167 1804 1205 2
1825 1149 1892 1206 „qqq

253 1260 332 1320 tuus!
345 1260 373 1317 Si
386 1256 497 1330 gloriam
510 1254 602 1326 glorias
611 1264 787 1322 oppmramus.
801 1246 836 1304 Ut
847 1247 918 1301 euim
929 1253 1048 1300 ιειιειιιε
1100 1243 1171 1297 cuim
1184 1242 1309 1298 melimes
1321 1242 1355 1298 ils
1369 1250 1431 1298 sum
1450 1240 1588 1298 bominum
1604 1241 1704 1299 laudes.
1715 1241 1825 1312 enqntqq
1839 1241 1892 1298 ιω.

253 1353 360 1410 11Ῑῇὓὸ
374 1332 573 1407 θθῐῑῑθῐῆῠῑῐῐῐῦῡ
583 1365 602 1413 ε·
618 1343 725 1415 ‘tutudit
747 1341 780 1396 ad
802 1339 869 1394 alias
890 1336 1050 1408 respicimus
1099 1351 1153 1409 que
1162 1336 1338 1393 bumauarum
1352 1351 1443 1392 rerum
1456 1333 1591 1402 ¹uilitate,
1604 1335 1694 1390 omnia
1705 1335 1732 1391 in
1743 1336 1894 1392 mtlssimos

254 1443 380 1509 divilias,
395 1449 423 1497 ει
436 1439 506 1496 banc
524 1439 606 1495 vitam
628 1435 812 1506 despicimus,
826 1447 886 1488 cum
901 1431 1049 1502 cogitamus
1099 1428 1270 1486 conferamus
1290 1429 1450 1497 thesauros,
1470 1436 1498 1483 et
1520 1440 1674 1484 manentem
1696 1443 1894 1498 perennemque

250 1537 331 1593 aliam
344 1533 482 1604 baclooge
492 1531 648 1595 meliorem;
663 1526 856 1597 sicctgloriam
868 1521 1048 1594 hujusmundi
1100 1524 1212 1594 gloriam
1232 1538 1386 1594 quaeramus
1399 1537 1407 1581 e
1420 1536 1500 1593 quam
1515 1523 1617 1576 utinam
1633 1535 1682 1578 nos
1691 1535 1787 1579 omues
1796 1537 1894 1578 couse-

253 1640 382 1700 respuere
395 1625 562 1698 poterimus,
578 1637 639 1679 cum
658 1621 737 1677 aliam
752 1620 832 1690 lortge
844 1617 895 1673 bac
907 1616 1048 1674 clariorem
1100 1629 1234 1686 quamue,
1249 1614 1334 1686 gratia
1357 1622 1385 1670 et
1406 1613 1569 1684 benignitate
1593 1611 1699 1669 θοειίιιι
1720 1614 1805 1668 nostri
1826 1612 1894 1670 lesu

255 1721 456 1793 spectabimus,
472 1731 585 1790 qumque
599 1729 663 1772 uere
677 1714 760 1786 gloria
774 1721 826 1768 est.
842 1710 909 1768 Nam
924 1710 1000 1775 baec,
1014 1707 1049 1764 de
1099 1705 1221 1775 Christi,
1236 1722 1284 1777 per
1308 1720 1387 1777 quem
1400 1714 1427 1762 et
1440 1719 1501 1760 cum
1514 1720 1567 1776 quo
1581 1704 1653 1761 Patri
1665 1705 1749 1777 gloria
1761 1747 1770 1773 ,
1785 1719 1894 1778 uosque
2011 1723 2016 1731 ·

253 1827 307 1886 qua
322 1811 465 1884 loquimur,
480 1824 548 1865 vana
562 1807 701 1878 inanisque
711 1814 765 1872 est,
779 1817 828 1860 uec
841 1803 892 1860 nisi
907 1815 1007 1858 nomeu
1019 1817 1049 1858 rs
1100 1808 1194 1856 sancto
1208 1797 1330 1869 Spiritui,
1349 1811 1420 1854 nuuc
1431 1805 1459 1854 et
1472 1810 1579 1868 semper
1592 1805 1619 1854 et
1631 1798 1659 1854 ln
1670 1795 1767 1853 sucula
1781 1795 1894 1852 seculo·

253 1919 367 1974 uacuum
380 1901 479 1968 babet;
492 1900 538 1957 illa
551 1909 640 1956 autem
654 1897 769 1954 caelestis
781 1911 844 1951 vera
855 1905 906 1960 εει,
922 1909 981 1965 qum
992 1909 1048 1950 nou
1099 1908 1169 1949 rum.
1185 1895 1281 1952 lmen.

253 1995 388 2062 bumiues,
402 1993 450 2050 sed
459 1991 582 2066 angelos,
591 1989 776 2061 archangelos,
788 1997 816 2044 ει
826 1985 1047 2058 archangelorum
1134 1993 1144 2025 ¹
1162 1987 1474 2056 eccellentissimo,
1490 2003 1544 2056 pro,
1554 1943 1814 2042 tmnmmrmtremnc

253 2100 1877 2135 --...-----—---·--·--—-——-——--

905 2132 907 2136 ’
927 2167 1102 2233 soumis
1123 2169 1230 2232 xxx.

252 2323 298 2384 bl.
319 2325 370 2396 Qui
390 2323 422 2380 ds
433 2338 535 2380 sursum
546 2318 628 2390 uenit,
644 2334 720 2392 ιιρει
731 2333 817 2374 omues
834 2315 947 2384 crccqat
962 2322 1000 2370 cst
1012 2312 1044 2368 de
1102 2311 1151 2380 tii,
1173 2319 1265 2382 utpote
1284 2312 1329 2384 mli
1348 2309 1423 2368 bomi
1444 2325 1538 2383 repam
1551 2309 1619 2366 etin
1634 2318 1705 2366 terra
1720 2317 1799 2366 uatus
1820 2297 1893 2376 sim:

370 2427 447 2486 terro,
459 2416 491 2472 de
504 2424 571 2471 terra
583 2421 635 2480 est,
646 2421 670 2480 et
679 2403 792 2467 dc'tcrra
804 2408 926 2482 loquitur.
1071 2442 1078 2458 .
1101 2403 1226 2463 Christus
1237 2415 1326 2460 autem
1339 2404 1373 2461 ad
1387 2419 1437 2460 uos
1450 2403 1485 2461 de
1502 2401 1570 2461 ειεΙο
1591 2402 1674 2460 venit.
1689 2399 1756 2458 Οιιιιι
1775 2418 1822 2476 ρει·
1835 2401 1896 2458 baec

288 2512 315 2567 l.
330 2509 417 2568 Graue
429 2505 557 2579 quiddam
569 2514 611 2560 est
625 2502 718 2576 glorlm
732 2515 817 2568 amor,
833 2515 915 2572 graue
927 2506 954 2553 et
967 2497 1045 2553 malis
1101 2497 1191 2553 cronia
1213 2513 1307 2553 eorum
1324 2493 1448 2554 morbu'm
1461 2495 1649 2565 restinxisset,
1663 2510 1727 2553 cum
1746 2493 1849 2566 maiore
1862 2495 1896 2550 li-

252 2604 344 2666 multis
369 2603 496 2660 relertum
511 2614 518 2655 ι
532 2597 609 2670 spina
633 2607 674 2654 εει
696 2611 756 2667 qum
771 2593 880 2652 dildcile
899 2592 1044 2658 avellitur,
1100 2591 1179 2648 duola
1197 2591 1232 2648 de
1245 2589 1354 2658 cbristo
1377 2591 1504 2664 loquitur.
1528 2590 1615 2646 Antea
1636 2590 1709 2646 euim
1729 2587 1895 2660 superduum

252 2697 309 2756 iera
330 2711 390 2768 quae
415 2691 586 2749 mansuefieri
610 2688 712 2760 nequit,
737 2687 828 2742 multis
850 2685 981 2755 capitibus
1007 2683 1048 2738 io-
1101 2680 1194 2738 luisset
1207 2681 1290 2738 rerba
1310 2680 1493 2754 prolundcre,
1510 2697 1572 2738 cum
1592 2681 1650 2738 baec
1667 2680 1695 2737 io
1710 2689 1801 2736 mente
1815 2679 1894 2736 audi·

251 2797 365 2854 structa,
389 2786 416 2842 in
436 2799 484 2842 cus
502 2783 575 2855 ipsos
588 2779 634 2853 qui
653 2795 684 2836 se
699 2778 818 2834 nutrium
841 2787 952 2832 armata.
973 2773 1049 2830 Sicut
1100 2783 1188 2832 torum
1209 2775 1298 2832 locum
1320 2775 1443 2832 inveniro
1461 2790 1516 2832 nou
1537 2783 1646 2847 possent
1662 2793 1669 2830 ι
1685 2784 1825 2847 postquam
1846 2789 1895 2830 au·

252 2879 325 2938 euim
339 2875 439 2934 termis
456 2876 527 2948 ligna
542 2888 557 2928 a
570 2872 666 2944 qulbus
678 2871 795 2943 gignitur
808 2868 946 2936 corrodit,
962 2877 989 2924 et
1003 2883 1048 2922 ru·
1100 2873 1154 2922 tem
1177 2869 1268 2938 spinas
1292 2868 1398 2932 evulsit,
1419 2866 1475 2938 jam
1492 2866 1659 2924 corridentcr
1679 2865 1783 2924 semim
1803 2866 1896 2936 lacere

252 2972 315 3043 bigo
338 2970 439 3026 ferrum
465 2981 498 3024 ex
519 2980 574 3045 quo
596 2965 714 3021 nascitur
736 2963 880 3029 consumit,
906 2970 935 3018 et
960 2960 1047 3016 lanam
1101 2957 1193 3028 incipit
1207 2957 1249 3014 bis
1264 2957 1370 3014 verbis:
1383 2957 1476 3025 Quiris
1489 2957 1552 3014 cna
1561 2958 1638 3027 uenit,
1653 2967 1895 3028 supermeant,-

252 3062 332 3121 tiaeae
347 3084 353 3117 ;
369 3060 406 3116 ita
420 3059 507 3116 inanis
519 3057 604 3130 gloria
618 3056 739 3112 altricem
753 3069 830 3110 suam
844 3053 962 3110 animam
983 3067 1046 3123 per·
1100 3047 1144 3104 52.
1160 3057 1185 3103 ct
1196 3049 1264 3120 qoud
1281 3047 1344 3104 uidit
1355 3057 1380 3104 ιι
1392 3049 1501 3116 cudisd,
1514 3048 1563 3105 lece
1576 3049 1736 3119 testificatur,
1746 3059 1770 3104 et
1781 3049 1895 3122 testimo·

250 3153 300 3211 dit.
315 3151 378 3212 ldeo
392 3151 476 3209 multa
489 3149 568 3207 nobis
587 3162 654 3220 opus
672 3157 714 3205 cst
732 3146 884 3220 diligentia,
906 3152 936 3203 ut
954 3145 1048 3201 vitium
1100 3142 1170 3198 mem
1183 3142 1238 3214 ejas
1253 3158 1326 3199 mmo
1339 3142 1441 3215 occipit.
1458 3140 1581 3215 llaguum
1598 3141 1663 3217 quid
1684 3148 1714 3199 et
1730 3140 1847 3199 sublime
1858 3139 1896 3199 ds

252 3246 304 3303 boc
326 3245 461 3303 tollamus.
485 3241 553 3299 lide
566 3256 631 3313 ergo
654 3248 752 3312 quanta
779 3238 904 3296 decantet
928 3236 1048 3295 loannes
1099 3235 1158 3306 ipso
1172 3235 1316 3307 loquutus,
1331 3250 1426 3292 rursus
1448 3234 1481 3291 ad
1494 3233 1638 3290 humiliora
1661 3232 1844 3307 pergitrnam
1858 3231 1894 3289 il·

251 3338 390 3411 discipulis
409 3337 466 3395 suis
487 3336 538 3393 buc
560 3336 655 3391 nrorbo
676 3335 877 3400 laborantibus,
898 3332 987 3389 acuis
1000 3345 1048 3389 eos
1100 3326 1164 3393 lud,
1182 3326 1256 3393 Quod
1267 3326 1363 3383 cudimt
1374 3337 1400 3383 st
1410 3328 1489 3395 uidit,
1503 3325 1648 3383 immamus
1659 3325 1761 3383 dictum
1772 3332 1824 3382 est.
1838 3324 1894 3383 lle·

252 3430 348 3489 sedare
361 3439 457 3501 potest.
473 3427 539 3485 Nam
553 3436 614 3499 post
629 3427 716 3499 priora
729 3426 773 3483 illa
784 3425 916 3482 bisetiam
929 3424 990 3481 illos
1001 3424 1048 3481 de·
1099 3419 1277 3491 queeoimes
1294 3419 1408 3477 uisurel
1424 3418 1517 3476 auditu
1530 3418 1650 3493 illaque
1669 3418 1772 3477 sciebat
1781 3432 1896 3489 accepe-

252 3524 352 3581 mulcet
365 3519 554 3579 sermonibus:
572 3518 622 3587 Qui
636 3516 668 3573 dc
677 3533 778 3573 sursum
791 3518 866 3581 send,
877 3532 954 3589 super
962 3532 1049 3571 ornnes
1100 3518 1142 3567 rat
1158 3527 1166 3578 ;
1187 3510 1235 3567 sed
1250 3511 1277 3567 in
1289 3520 1384 3568 natura
1398 3519 1485 3567 totum
1507 3510 1634 3578 babebat,
1654 3508 1700 3581 qui
1712 3508 1895 3583 perlectusex

252 3623 292 3671 est
303 3628 313 3669 .·
325 3612 369 3686 qui
381 3618 418 3667 est
428 3611 461 3666 cle
473 3619 557 3675 terra,
573 3608 605 3665 dc
616 3618 683 3665 terro
697 3617 745 3677 erl,
760 3620 784 3665 et
798 3609 830 3665 dc
844 3618 912 3663 terro
926 3602 1046 3681 loquitur.
1100 3601 1161 3657 sinu
1176 3610 1288 3673 patemo
1302 3602 1422 3673 exierat,
1442 3616 1493 3659 uec
1505 3603 1600 3675 egebat
1612 3601 1746 3659 doctore:
1762 3617 1824 3658 uam
1837 3601 1894 3670 sit,

252 3706 331 3777 Quia,
341 3704 438 3777 iuquit,
453 3701 636 3759 testimonium
646 3716 736 3757 mcum
749 3701 847 3773 ubique
857 3700 1047 3765 circumientis,
1101 3694 1175 3751 Sicut
1192 3696 1261 3751 nouit
1282 3711 1322 3751 me
1341 3692 1435 3764 Pater,
1458 3695 1495 3751 itu
1515 3704 1540 3751 el
1562 3712 1609 3768 spo
1631 3711 1754 3767 cognosco
1778 3693 1894 3752 Pomm.

252 3806 280 3855 et
305 3811 350 3854 me
374 3795 427 3851 lule
453 3794 640 3865 dignissimum
668 3792 840 3865 praedicatis;
867 3791 932 3847 illud
959 3790 1049 3849 sciatis
1101 3788 1170 3859 Quid
1186 3789 1251 3861 ergo
1272 3790 1406 3861 signillcst
1421 3788 1498 3857 illud,
1518 3788 1595 3859 Quod
1611 3790 1719 3857 sudium,
1733 3788 1855 3862 loquitur,
1869 3797 1897 3846 et

253 3897 376 3963 oportet,
402 3902 456 3944 troo
483 3886 566 3943 licere
592 3901 654 3942 eum
669 3886 715 3957 qui
741 3885 776 3942 de
797 3885 865 3943 eaelo
887 3884 970 3952 uenit,
996 3882 1050 3941 lide
1100 3882 1168 3953 quod
1187 3882 1259 3948 uidit,
1274 3883 1405 3939 testatur!
1421 3883 1489 3952 Quia
1504 3898 1553 3955 per
1562 3867 1616 3941 ‘bos
1632 3898 1729 3939 senem
1742 3882 1896 3939 nosomuia

255 3982 366 4054 dignum
378 3978 453 4037 reddi
465 3976 499 4035 ab
512 3993 546 4035 eu
558 3977 603 4051 qui
618 3978 728 4034 interra
742 3977 853 4034 babitat.
868 3976 936 4033 lllud
946 3987 1048 4042 autem,
1100 3971 1231 4031 discimus
1249 3982 1373 4031 accurate
1388 4015 1396 4044 ,
1411 3983 1439 4031 et
1458 3974 1511 4031 lide
1523 3974 1598 4046 digni
1617 3975 1739 4046 magistri
1752 3975 1895 4047 babemus,

136 4118 138 4123 -
253 4076 343 4150 Supra
356 4078 502 4139 οιιιιειειι,
519 4070 582 4143 quid
603 4071 754 4143 siguilicatl
768 4071 836 4128 Eum
857 4070 930 4127 nullu
948 4084 1048 4142 egere,
1101 4068 1218 4125 circaea
1231 4082 1291 4139 quae
1311 4068 1353 4123 vel
1367 4067 1425 4125 risu
1441 4067 1588 4125 uelsudltu
1601 4070 1787 4141 percepimus,
1802 4077 1898 4141 utpote

252 4166 303 4224 sibl
320 4162 456 4231 sulficere,
480 4173 507 4219 et
520 4164 580 4220 siue
598 4162 798 4233 comparatione
818 4162 937 4218 omnium
954 4160 1048 4216 maxi·
1101 4161 1149 4233 qui
1168 4175 1219 4219 uec
1242 4160 1393 4232 dngamus,
1418 4175 1468 4217 oec
1485 4160 1552 4218 lalsa
1564 4160 1696 4218 dicamus.
1712 4160 1741 4218 ld
1754 4160 1897 4219 adstruere

155 4319 160 4333 ,
252 4252 679 4316 transnominationem
699 4251 1048 4325 esseetloquidicit,noo
1101 4254 1422 4324 voleusloannesdixit,
1440 4254 1653 4323 emmaus
1670 4255 1744 4323 dds,
1759 4264 1900 4311 utostcu·

252 4350 324 4423 quud
341 4366 375 4407 ex
395 4348 500 4421 propria
516 4356 605 4403 mente
617 4347 790 4417 loqueretur,
810 4346 858 4403 sed
879 4354 908 4400 ut
927 4342 1049 4401 Christus
1101 4348 1150 4405 dat
1171 4347 1236 4404 uibil
1251 4348 1278 4405 iu
1294 4348 1342 4405 illo
1358 4349 1502 4425 mendacii,
1517 4349 1566 4406 scd
1578 4349 1669 4405 omnia
1683 4366 1745 4407 vera
1759 4364 1829 4407 csse
1849 4350 1898 4408 Sic

254 4444 311 4501 ait:
327 4442 357 4499 Si
372 4452 471 4497 terrem
485 4440 539 4495 dici
560 4440 647 4519 colis,
666 4448 689 4494 ct
713 4453 764 4494 nou
791 4438 892 4493 creditis
914 4435 1003 4508 (lom.
1019 4436 1048 4493 5.
1101 4450 1131 4497 et
1149 4455 1199 4497 nus
1212 4454 1284 4512 saepe
1298 4425 1404 4497 curios'c
1415 4439 1605 4513 perquirimus,
1621 4440 1699 4499 Tuae
1711 4441 1819 4510 audisti,
1831 4451 1898 4499 tuuc

254 4534 312 4609 ld).
325 4534 460 4606 baptisma
474 4532 513 4589 sic
525 4532 650 4604 appellat,
666 4546 719 4588 uon
733 4529 804 4604 quod
818 4542 954 4589 terrenum
965 4539 1049 4599 esset,
1102 4532 1193 4590 uidisti
1205 4534 1217 4589 l
1229 4536 1252 4591 si
1272 4530 1299 4589 id
1321 4533 1479 4597 allirmetur,
1502 4542 1566 4590 tune
1585 4528 1688 4590 certum
1710 4532 1896 4592 tmdmoolum

253 4628 303 4689 eccl
317 4629 378 4701 quia
393 4625 460 4684 illud
476 4640 537 4681 cum
552 4624 677 4681 incllabili
693 4625 866 4697 generatione
880 4624 1048 4696 suaccmpa·
1102 4627 1437 4698 imbetausicetipseeum
1445 4624 1520 4692 dicit,
1530 4626 1795 4699 secundinarum
1804 4602 1896 4699 (locs.

254 4721 349 4789 rabat;
362 4721 403 4778 sic
415 4729 443 4777 ct
453 4719 506 4777 boc
520 4718 580 4775 locu
592 4734 623 4775 sc
634 4716 668 4774 dc
680 4726 748 4775 terra
760 4720 831 4791 loqui
843 4718 1048 4785 dixitloanues,
1101 4720 1129 4777 5.
1142 4719 1204 4792 bd),
1218 4729 1256 4787 et,
1266 4718 1330 4786 Quae
1349 4719 1435 4774 cadim
1455 4735 1472 4773 s
1485 4718 1565 4777 Putre
1577 4736 1643 4788 mec,
1657 4721 1755 4792 toqtor,
1777 4728 1816 4787 et,
1832 4720 1900 4789 Qu

184 4864 187 4871 .
254 4830 331 4872 suam
344 4828 406 4871 cum
420 4810 519 4869 Christi
534 4810 656 4869 doctrina
675 4810 869 4883 comparando.
889 4809 961 4866 llibll
976 4810 1049 4867 enim
1102 4812 1232 4878 uidimus,
1248 4812 1375 4883 loquimur
1389 4812 1399 4884 (
1412 4810 1457 4867 ld.
1471 4812 1500 4869 8.
1518 4812 1565 4870 ad.
1584 4824 1609 4869 ει
1621 4813 1649 4871 b.
1664 4813 1738 4882 ιι),
1760 4822 1789 4869 et
1800 4812 1898 4871 similia

250 4904 328 4963 aliud
349 4904 482 4977 signillcat
503 4904 577 4969 illud,
597 4903 635 4959 llo
649 4912 716 4958 terro
730 4904 860 4973 loquitur,
875 4916 956 4973 quam
977 4902 1050 4973 quod
1102 4905 1154 4960 alia
1177 4903 1306 4975 loquitur,
1329 4918 1383 4960 uon
1402 4904 1438 4960 ita
1462 4904 1537 4972 dicit,
1563 4912 1595 4961 ut
1613 4906 1749 4963 discamus
1770 4904 1845 4963 illum
1864 4920 1897 4963 ea

254 5013 303 5057 sus
329 4998 436 5071 exigua,
463 4994 575 5053 humilia
598 5005 626 5053 et
650 4993 715 5051 uilia
735 4995 801 5059 siut,
826 4993 850 5050 si
874 5008 935 5050 eum
948 4991 1050 5049 Christi
1103 4998 1241 5067 accepisse
1260 5012 1322 5068 quae
1342 4996 1407 5053 dicit
1427 4996 1478 5069 (id
1497 4998 1572 5056 euim
1588 5008 1682 5069 putare
1705 5009 1832 5057 extremae
1846 4998 1899 5059 dc·

254 5091 439 5165 magnitudine
454 5098 659 5162 comparentur,
674 5103 707 5144 ac
722 5096 836 5145 terceuae
857 5098 960 5143 natura
974 5084 1051 5157 quasi
1104 5090 1211 5145 mantiae
1225 5098 1297 5146 essct
1314 5088 1343 5163 );
1358 5090 1408 5147 sed
1429 5106 1463 5147 ue
1475 5090 1540 5163 quid
1553 5106 1588 5148 cx
1599 5091 1679 5149 dictis
1692 5092 1752 5163 ejus
1769 5092 1799 5151 iu
1810 5092 1901 5164 sospi-

254 5186 352 5243 simdia
370 5186 434 5241 sint.
449 5182 527 5256 Apud
539 5182 614 5237 illum
628 5180 700 5237 euim
715 5179 811 5236 Omnes
823 5180 936 5237 tlceeuurl
946 5180 1051 5249 sopien-
1104 5183 1209 5240 cionem
1217 5176 1362 5241 'coaretor
1375 5184 1409 5242 ab
1420 5184 1619 5257 impudentibus
1625 5184 1736 5245 luicis.
1749 5187 1817 5258 Quia
1824 5186 1898 5247 euim

256 5280 298 5333 tice
312 5276 482 5335 recondemur
497 5273 565 5349 (dol.
578 5273 609 5330 2.
624 5274 664 5344 3).
679 5274 755 5341 erod
771 5282 860 5331 autem
880 5273 914 5330 de
929 5273 1052 5329 humanis
1104 5272 1224 5331 noudum
1234 5289 1294 5331 cam
1308 5292 1389 5348 qnam
1404 5285 1524 5347 parerat
1542 5277 1577 5335 ds
1588 5277 1635 5335 illo
1646 5279 1800 5351 amalonem
1811 5278 1899 5337 babe-

255 5369 403 5429 ratiociniis
418 5385 471 5426 nou
485 5371 626 5443 loquatur,
640 5366 704 5423 binc
717 5366 805 5438 palam
820 5376 870 5422 cst.
888 5365 938 5435 Qsci
961 5376 998 5423 est
1020 5382 1053 5421 es
1105 5366 1181 5437 bant,
1195 5366 1352 5440 frequenter
1362 5369 1397 5428 ad
1407 5362 1517 5428 Patrem
1532 5371 1661 5445 conlugit,
1678 5371 1899 5447 bbmncralm

258 5476 337 5531 terra,
351 5480 383 5521 cc
396 5472 464 5520 ιεπιι
474 5472 521 5520 est.
534 5462 616 5535 Atqui
631 5476 685 5519 riou
700 5470 759 5517 erat
773 5470 845 5517 totus
857 5460 891 5517 de
906 5469 988 5527 terra,
1004 5459 1054 5517 scd
1105 5459 1162 5517 suis
1176 5460 1256 5517 iidem
1270 5460 1343 5517 lacit.

256 5556 390 5632 precipua
409 5556 526 5615 celestia
545 5565 646 5625 eraut;
666 5554 784 5614 animam
803 5553 901 5627 quippe
920 5550 1052 5621 babebat,
1140 5555 1169 5611 2.
1190 5554 1225 5611 lit
1238 5555 1301 5627 quid
1315 5554 1422 5612 miraris
1435 5555 1458 5613 si
1469 5555 1505 5613 ad
1517 5556 1625 5615 Patrem
1638 5558 1785 5631 cualogist,
1797 5569 1899 5621 mmet

257 5662 286 5709 ει
303 5646 414 5725 spirit‘us
432 5650 565 5722 particeps
584 5660 661 5719 erat,
681 5666 741 5722 qum
762 5665 816 5708 uon
840 5656 903 5705 sum
916 5647 950 5704 de
970 5656 1051 5705 tcrra.
1105 5648 1138 5705 ad
1165 5648 1310 5721 propbetas
1329 5659 1358 5706 et
1378 5648 1413 5705 ad
1434 5649 1586 5723 Scripturas
1606 5668 1680 5725 saepc
1700 5655 1848 5712 recurrat?
1869 5666 1900 5714 ut

259 5744 402 5815 Quomodo
419 5758 484 5817 ergo
507 5757 538 5800 se
555 5742 590 5800 de
609 5736 678 5801 terra
704 5758 765 5801 esse
783 5742 874 5799 dicitl
892 5740 961 5799 Nibil
981 5738 1053 5798 aliud
1106 5739 1213 5814 quaudo
1226 5739 1305 5809 dicit,
1319 5738 1379 5797 llic
1390 5750 1450 5799 suut
1466 5758 1525 5815 qaue
1536 5743 1707 5802 testimonium
1724 5744 1855 5817 pntttcm
1867 5748 1899 5805 de

258 5838 301 5896 bis
320 5837 485 5911 significatur
504 5850 603 5908 quam,
625 5836 724 5893 Parvus
743 5848 803 5893 suu
823 5842 850 5893 ct
869 5836 965 5893 nullius
985 5850 1049 5907 pre·
1107 5850 1146 5891 nic
1168 5831 1256 5905 (liid.
1276 5832 1302 5890 5.
1317 5832 1380 5906 59).
1397 5833 1465 5894 Num
1483 5850 1548 5909 ergo
1566 5834 1705 5912 propbetis
1722 5836 1800 5900 illum
1812 5838 1898 5901 miuo-
