<?xml version="1.0" encoding="UTF-8"?>
<!DOCTYPE html PUBLIC "-//W3C//DTD XHTML 1.0 Transitional//EN"
    "http://www.w3.org/TR/xhtml1/DTD/xhtml1-transitional.dtd">
<html xmlns="http://www.w3.org/1999/xhtml" xml:lang="en" lang="en">
 <head>
  <title>
</title>
<meta http-equiv="Content-Type" content="text/html;charset=utf-8" />
  <meta name='ocr-system' content='tesseract 3.04.00' />
  <meta name='ocr-capabilities' content='ocr_page ocr_carea ocr_par ocr_line ocrx_word'/>
</head>
<body>
  <div class='ocr_page' id='page_1' title='image "./patrologicursus100migngoog_0060.png"; bbox 0 0 4084 6350; ppageno 0'>
   <div class='ocr_carea' id='block_1_1' title="bbox 637 435 1897 647">
    <p class='ocr_par' dir='ltr' id='par_1_1' title="bbox 637 435 1897 647">
     <span class='ocr_line' id='line_1_1' title="bbox 637 435 1897 534; baseline -0.034 0"><span class='ocrx_word' id='word_1_1' title='bbox 637 477 666 534; x_wconf 91' lang='lat' dir='ltr'>s.</span> <span class='ocrx_word' id='word_1_2' title='bbox 685 472 824 534; x_wconf 82' lang='lat' dir='ltr'>tunnms</span> <span class='ocrx_word' id='word_1_3' title='bbox 842 435 1078 526; x_wconf 74' lang='lat' dir='ltr'>entiums&#39;mm</span> <span class='ocrx_word' id='word_1_4' title='bbox 1096 454 1255 516; x_wconf 79' lang='lat' dir='ltr'>unctium.</span> <span class='ocrx_word' id='word_1_5' title='bbox 1275 444 1544 508; x_wconf 82' lang='lat' dir='ltr'>nonsummum.</span> <span class='ocrx_word' id='word_1_6' title='bbox 1844 441 1897 501; x_wconf 80' lang='grc' dir='ltr'>ιιι</span> 
     </span>
     <span class='ocr_line' id='line_1_2' title="bbox 718 561 1896 647; baseline -0.025 0"><span class='ocrx_word' id='word_1_7' title='bbox 718 597 797 647; x_wconf 80' lang='lat' dir='ltr'>etum</span> <span class='ocrx_word' id='word_1_8' title='bbox 812 585 946 644; x_wconf 91' lang='lat' dir='ltr'>somnium</span> <span class='ocrx_word' id='word_1_9' title='bbox 967 588 1049 638; x_wconf 88' lang='lat' dir='ltr'>noctu</span> <span class='ocrx_word' id='word_1_10' title='bbox 1102 575 1174 629; x_wconf 92' lang='lat' dir='ltr'>nime</span> <span class='ocrx_word' id='word_1_11' title='bbox 1188 571 1250 628; x_wconf 86' lang='lat' dir='ltr'>:sic</span> <span class='ocrx_word' id='word_1_12' title='bbox 1269 569 1297 626; x_wconf 92' lang='lat' dir='ltr'>in</span> <span class='ocrx_word' id='word_1_13' title='bbox 1320 567 1484 626; x_wconf 88' lang='lat' dir='ltr'>tutissimum</span> <span class='ocrx_word' id='word_1_14' title='bbox 1506 566 1596 623; x_wconf 90' lang='lat' dir='ltr'>locum</span> <span class='ocrx_word' id='word_1_15' title='bbox 1620 562 1809 622; x_wconf 86' lang='lat' dir='ltr'>recondemus.</span> <span class='ocrx_word' id='word_1_16' title='bbox 1826 561 1896 618; x_wconf 74' lang='lat' dir='ltr'>bittit</span> 
     </span>
    </p>
   </div>
   <div class='ocr_carea' id='block_1_2' title="bbox 254 486 306 547">
    <p class='ocr_par' dir='ltr' id='par_1_2' title="bbox 254 486 306 547">
     <span class='ocr_line' id='line_1_3' title="bbox 254 486 306 547; baseline 0.019 -1"><span class='ocrx_word' id='word_1_17' title='bbox 254 486 306 547; x_wconf 83' lang='lat' dir='ltr'>tot</span> 
     </span>
    </p>
   </div>
   <div class='ocr_carea' id='block_1_3' title="bbox 254 592 1897 766">
    <p class='ocr_par' dir='ltr' id='par_1_3' title="bbox 254 592 1897 766">
     <span class='ocr_line' id='line_1_4' title="bbox 254 592 716 680; baseline -0.039 -15"><span class='ocrx_word' id='word_1_18' title='bbox 254 621 362 680; x_wconf 83' lang='lat' dir='ltr'>semper</span> <span class='ocrx_word' id='word_1_19' title='bbox 383 602 542 668; x_wconf 85' lang='lat' dir='ltr'>lamelicue,</span> <span class='ocrx_word' id='word_1_20' title='bbox 557 597 581 654; x_wconf 88' lang='lat' dir='ltr'>si</span> <span class='ocrx_word' id='word_1_21' title='bbox 601 599 685 653; x_wconf 82' lang='lat' dir='ltr'>sonuet</span> <span class='ocrx_word' id='word_1_22' title='bbox 708 592 716 647; x_wconf 93' lang='lat' dir='ltr'>l</span> 
     </span>
     <span class='ocr_line' id='line_1_5' title="bbox 257 655 1897 766; baseline -0.026 -11"><span class='ocrx_word' id='word_1_23' title='bbox 257 699 373 766; x_wconf 82' lang='lat' dir='ltr'>uiderit,</span> <span class='ocrx_word' id='word_1_24' title='bbox 388 685 720 766; x_wconf 80' lang='lat' dir='ltr'>ideoqtoneturtlntetix</span> <span class='ocrx_word' id='word_1_25' title='bbox 737 677 1050 749; x_wconf 87' lang='lat' dir='ltr'>etmiser,dnmanima</span> <span class='ocrx_word' id='word_1_26' title='bbox 1101 668 1189 734; x_wconf 92' lang='lat' dir='ltr'>enim,</span> <span class='ocrx_word' id='word_1_27' title='bbox 1216 664 1284 723; x_wconf 89' lang='lat' dir='ltr'>nibil</span> <span class='ocrx_word' id='word_1_28' title='bbox 1308 664 1400 736; x_wconf 88' lang='lat' dir='ltr'>ntique</span> <span class='ocrx_word' id='word_1_29' title='bbox 1426 668 1515 734; x_wconf 87' lang='lat' dir='ltr'>potest</span> <span class='ocrx_word' id='word_1_30' title='bbox 1539 674 1572 716; x_wconf 79' lang='lat' dir='ltr'>ee</span> <span class='ocrx_word' id='word_1_31' title='bbox 1598 657 1678 716; x_wconf 88' lang='lat' dir='ltr'>istinc</span> <span class='ocrx_word' id='word_1_32' title='bbox 1697 655 1820 724; x_wconf 80' lang='lat' dir='ltr'>auterre,</span> <span class='ocrx_word' id='word_1_33' title='bbox 1843 670 1897 712; x_wconf 83' lang='lat' dir='ltr'>riou</span> 
     </span>
    </p>
   </div>
   <div class='ocr_carea' id='block_1_4' title="bbox 204 749 1986 1691">
    <p class='ocr_par' dir='ltr' id='par_1_4' title="bbox 204 749 1986 1691">
     <span class='ocr_line' id='line_1_6' title="bbox 256 749 1899 861; baseline -0.025 -15"><span class='ocrx_word' id='word_1_34' title='bbox 256 801 303 848; x_wconf 86' lang='lat' dir='ltr'>tua</span> <span class='ocrx_word' id='word_1_35' title='bbox 315 787 475 861; x_wconf 81' lang='lat' dir='ltr'>pravissimo</span> <span class='ocrx_word' id='word_1_36' title='bbox 486 783 581 842; x_wconf 91' lang='lat' dir='ltr'>morbo</span> <span class='ocrx_word' id='word_1_37' title='bbox 591 777 783 849; x_wconf 76' lang='lat' dir='ltr'>corrumpitur,</span> <span class='ocrx_word' id='word_1_38' title='bbox 797 783 917 832; x_wconf 82' lang='lat' dir='ltr'>extrema</span> <span class='ocrx_word' id='word_1_39' title='bbox 930 783 1048 843; x_wconf 90' lang='lat' dir='ltr'>pauper·</span> <span class='ocrx_word' id='word_1_40' title='bbox 1100 751 1174 818; x_wconf 78' lang='lat' dir='ltr'>mors&#39;</span> <span class='ocrx_word' id='word_1_41' title='bbox 1182 800 1190 827; x_wconf 97' lang='lat'>,</span> <span class='ocrx_word' id='word_1_42' title='bbox 1203 775 1257 815; x_wconf 89' lang='lat' dir='ltr'>non</span> <span class='ocrx_word' id='word_1_43' title='bbox 1275 765 1452 824; x_wconf 86' lang='lat' dir='ltr'>testamenta,</span> <span class='ocrx_word' id='word_1_44' title='bbox 1476 768 1530 810; x_wconf 92' lang='lat' dir='ltr'>non</span> <span class='ocrx_word' id='word_1_45' title='bbox 1543 751 1725 810; x_wconf 87' lang='lat' dir='ltr'>hereditatum</span> <span class='ocrx_word' id='word_1_46' title='bbox 1743 749 1899 819; x_wconf 87' lang='lat' dir='ltr'>successio,</span> 
     </span>
     <span class='ocr_line' id='line_1_7' title="bbox 256 843 1900 944; baseline -0.023 -6"><span class='ocrx_word' id='word_1_47' title='bbox 256 889 310 938; x_wconf 93' lang='lat' dir='ltr'>tate</span> <span class='ocrx_word' id='word_1_48' title='bbox 323 881 465 944; x_wconf 80' lang='lat' dir='ltr'>laborans,</span> <span class='ocrx_word' id='word_1_49' title='bbox 484 876 570 933; x_wconf 90' lang='lat' dir='ltr'>altum</span> <span class='ocrx_word' id='word_1_50' title='bbox 594 871 686 942; x_wconf 90' lang='lat' dir='ltr'>sapis,</span> <span class='ocrx_word' id='word_1_51' title='bbox 710 867 781 941; x_wconf 91' lang='lat' dir='ltr'>quod</span> <span class='ocrx_word' id='word_1_52' title='bbox 805 875 846 922; x_wconf 87' lang='lat' dir='ltr'>tot</span> <span class='ocrx_word' id='word_1_53' title='bbox 866 865 965 922; x_wconf 90' lang='lat' dir='ltr'>talenta</span> <span class='ocrx_word' id='word_1_54' title='bbox 989 860 1049 917; x_wconf 84' lang='lat' dir='ltr'>auri</span> <span class='ocrx_word' id='word_1_55' title='bbox 1101 869 1155 909; x_wconf 90' lang='lat' dir='ltr'>nou</span> <span class='ocrx_word' id='word_1_56' title='bbox 1170 851 1353 926; x_wconf 72' lang='lat' dir='ltr'>sycophantiae</span> <span class='ocrx_word' id='word_1_57' title='bbox 1366 849 1408 906; x_wconf 85' lang='lat' dir='ltr'>rel</span> <span class='ocrx_word' id='word_1_58' title='bbox 1430 847 1535 906; x_wconf 63' lang='lat' dir='ltr'>insidiae</span> <span class='ocrx_word' id='word_1_59' title='bbox 1549 864 1557 915; x_wconf 73' lang='lat'>3</span> <span class='ocrx_word' id='word_1_60' title='bbox 1571 846 1619 904; x_wconf 88' lang='lat' dir='ltr'>sed</span> <span class='ocrx_word' id='word_1_61' title='bbox 1632 845 1677 917; x_wconf 93' lang='lat' dir='ltr'>qui</span> <span class='ocrx_word' id='word_1_62' title='bbox 1690 843 1754 900; x_wconf 90' lang='lat' dir='ltr'>binc</span> <span class='ocrx_word' id='word_1_63' title='bbox 1778 843 1900 901; x_wconf 76' lang='lat' dir='ltr'>abscedit</span> 
     </span>
     <span class='ocr_line' id='line_1_8' title="bbox 256 935 1900 1042; baseline -0.022 -14"><span class='ocrx_word' id='word_1_64' title='bbox 256 971 367 1038; x_wconf 88' lang='lat' dir='ltr'>babeas,</span> <span class='ocrx_word' id='word_1_65' title='bbox 379 969 450 1042; x_wconf 89' lang='lat' dir='ltr'>quod</span> <span class='ocrx_word' id='word_1_66' title='bbox 462 979 603 1024; x_wconf 81' lang='lat' dir='ltr'>serrorum</span> <span class='ocrx_word' id='word_1_67' title='bbox 619 961 741 1020; x_wconf 89' lang='lat' dir='ltr'>turbaml</span> <span class='ocrx_word' id='word_1_68' title='bbox 758 959 855 1016; x_wconf 81' lang='lat' dir='ltr'>lerum</span> <span class='ocrx_word' id='word_1_69' title='bbox 868 957 926 1013; x_wconf 81' lang='lat' dir='ltr'>lime</span> <span class='ocrx_word' id='word_1_70' title='bbox 938 969 992 1012; x_wconf 91' lang='lat' dir='ltr'>non</span> <span class='ocrx_word' id='word_1_71' title='bbox 1004 963 1049 1010; x_wconf 88' lang='lat' dir='ltr'>tua</span> <span class='ocrx_word' id='word_1_72' title='bbox 1102 945 1186 1001; x_wconf 92' lang='lat' dir='ltr'>multa</span> <span class='ocrx_word' id='word_1_73' title='bbox 1199 958 1291 1000; x_wconf 67' lang='lat' dir='ltr'>secum</span> <span class='ocrx_word' id='word_1_74' title='bbox 1314 940 1420 1008; x_wconf 73' lang='lat' dir='ltr'>fetens,</span> <span class='ocrx_word' id='word_1_75' title='bbox 1436 941 1470 997; x_wconf 81' lang='lat' dir='ltr'>iis</span> <span class='ocrx_word' id='word_1_76' title='bbox 1481 947 1610 1011; x_wconf 89' lang='lat' dir='ltr'>perpetuo</span> <span class='ocrx_word' id='word_1_77' title='bbox 1623 937 1736 994; x_wconf 90' lang='lat' dir='ltr'>lruetur.</span> <span class='ocrx_word' id='word_1_78' title='bbox 1749 935 1817 1006; x_wconf 75' lang='lat' dir='ltr'>Quis</span> <span class='ocrx_word' id='word_1_79' title='bbox 1835 951 1900 1008; x_wconf 75' lang='lat' dir='ltr'>erpo</span> 
     </span>
     <span class='ocr_line' id='line_1_9' title="bbox 255 1033 1899 1124; baseline -0.023 -1"><span class='ocrx_word' id='word_1_80' title='bbox 255 1074 328 1123; x_wconf 83' lang='lat' dir='ltr'>tunt.</span> <span class='ocrx_word' id='word_1_81' title='bbox 340 1063 368 1121; x_wconf 88' lang='lat' dir='ltr'>Si</span> <span class='ocrx_word' id='word_1_82' title='bbox 379 1062 443 1120; x_wconf 89' lang='lat' dir='ltr'>milri</span> <span class='ocrx_word' id='word_1_83' title='bbox 457 1075 510 1118; x_wconf 91' lang='lat' dir='ltr'>non</span> <span class='ocrx_word' id='word_1_84' title='bbox 522 1057 621 1124; x_wconf 88' lang='lat' dir='ltr'>credis,</span> <span class='ocrx_word' id='word_1_85' title='bbox 632 1056 747 1111; x_wconf 90' lang='lat' dir='ltr'>aliorum</span> <span class='ocrx_word' id='word_1_86' title='bbox 760 1052 873 1108; x_wconf 84' lang='lat' dir='ltr'>diuitum</span> <span class='ocrx_word' id='word_1_87' title='bbox 883 1046 1050 1120; x_wconf 74' lang='lat' dir='ltr'>experientia</span> <span class='ocrx_word' id='word_1_88' title='bbox 1079 1113 1083 1118; x_wconf 27' lang='lat'>·</span> <span class='ocrx_word' id='word_1_89' title='bbox 1101 1041 1142 1097; x_wconf 83' lang='lat' dir='ltr'>sie</span> <span class='ocrx_word' id='word_1_90' title='bbox 1153 1039 1238 1096; x_wconf 89' lang='lat' dir='ltr'>miser</span> <span class='ocrx_word' id='word_1_91' title='bbox 1250 1047 1308 1105; x_wconf 89' lang='lat' dir='ltr'>est,</span> <span class='ocrx_word' id='word_1_92' title='bbox 1321 1037 1367 1109; x_wconf 92' lang='lat' dir='ltr'>qui</span> <span class='ocrx_word' id='word_1_93' title='bbox 1388 1035 1455 1092; x_wconf 92' lang='lat' dir='ltr'>nolit</span> <span class='ocrx_word' id='word_1_94' title='bbox 1474 1049 1536 1092; x_wconf 90' lang='lat' dir='ltr'>cum</span> <span class='ocrx_word' id='word_1_95' title='bbox 1557 1034 1678 1107; x_wconf 89' lang='lat' dir='ltr'>pecuniis</span> <span class='ocrx_word' id='word_1_96' title='bbox 1691 1033 1748 1090; x_wconf 89' lang='lat' dir='ltr'>suis</span> <span class='ocrx_word' id='word_1_97' title='bbox 1767 1041 1899 1088; x_wconf 82' lang='lat' dir='ltr'>aeternum</span> 
     </span>
     <span class='ocr_line' id='line_1_10' title="bbox 204 1122 1902 1216; baseline -0.021 1"><span class='ocrx_word' id='word_1_98' title='bbox 204 1157 206 1162; x_wconf 82' lang='lat'>&#39;</span> <span class='ocrx_word' id='word_1_99' title='bbox 256 1157 396 1216; x_wconf 87' lang='lat' dir='ltr'>idedisce.</span> <span class='ocrx_word' id='word_1_100' title='bbox 407 1153 455 1211; x_wconf 86' lang='lat' dir='ltr'>Sin</span> <span class='ocrx_word' id='word_1_101' title='bbox 477 1153 513 1208; x_wconf 89' lang='lat' dir='ltr'>ita</span> <span class='ocrx_word' id='word_1_102' title='bbox 533 1149 625 1206; x_wconf 89' lang='lat' dir='ltr'>ebrius</span> <span class='ocrx_word' id='word_1_103' title='bbox 639 1163 679 1214; x_wconf 87' lang='lat' dir='ltr'>es,</span> <span class='ocrx_word' id='word_1_104' title='bbox 694 1154 723 1202; x_wconf 93' lang='lat' dir='ltr'>ut</span> <span class='ocrx_word' id='word_1_105' title='bbox 742 1141 896 1216; x_wconf 82' lang='lat' dir='ltr'>hujusmodi</span> <span class='ocrx_word' id='word_1_106' title='bbox 920 1139 1050 1210; x_wconf 84' lang='lat' dir='ltr'>exemplis</span> <span class='ocrx_word' id='word_1_107' title='bbox 1102 1131 1240 1190; x_wconf 78' lang='lat' dir='ltr'>deliciari?</span> <span class='ocrx_word' id='word_1_108' title='bbox 1255 1122 1459 1187; x_wconf 77' lang='lat' dir='ltr'>Transieramus</span> <span class='ocrx_word' id='word_1_109' title='bbox 1482 1141 1548 1213; x_wconf 78' lang='lat' dir='ltr'>erqo</span> <span class='ocrx_word' id='word_1_110' title='bbox 1567 1125 1677 1182; x_wconf 80' lang='lat' dir='ltr'>diuitias</span> <span class='ocrx_word' id='word_1_111' title='bbox 1697 1133 1825 1193; x_wconf 90' lang='lat' dir='ltr'>nostras,</span> <span class='ocrx_word' id='word_1_112' title='bbox 1846 1124 1902 1181; x_wconf 90' lang='lat' dir='ltr'>illic</span> 
     </span>
     <span class='ocr_line' id='line_1_11' title="bbox 257 1223 1901 1316; baseline -0.019 -4"><span class='ocrx_word' id='word_1_113' title='bbox 257 1267 312 1312; x_wconf 91' lang='lat' dir='ltr'>non</span> <span class='ocrx_word' id='word_1_114' title='bbox 326 1247 491 1312; x_wconf 82' lang='lat' dir='ltr'>institueris,</span> <span class='ocrx_word' id='word_1_115' title='bbox 507 1243 645 1316; x_wconf 90' lang='lat' dir='ltr'>paululum</span> <span class='ocrx_word' id='word_1_116' title='bbox 664 1247 810 1312; x_wconf 81' lang='lat' dir='ltr'>exspecta,</span> <span class='ocrx_word' id='word_1_117' title='bbox 825 1245 853 1294; x_wconf 91' lang='lat' dir='ltr'>et</span> <span class='ocrx_word' id='word_1_118' title='bbox 865 1234 1050 1307; x_wconf 81' lang='lat' dir='ltr'>experimento</span> <span class='ocrx_word' id='word_1_119' title='bbox 1103 1228 1281 1299; x_wconf 88' lang='lat' dir='ltr'>deponamus.</span> <span class='ocrx_word' id='word_1_120' title='bbox 1304 1225 1364 1283; x_wconf 87' lang='lat' dir='ltr'>llon</span> <span class='ocrx_word' id='word_1_121' title='bbox 1383 1224 1462 1282; x_wconf 88' lang='lat' dir='ltr'>nobis</span> <span class='ocrx_word' id='word_1_122' title='bbox 1483 1239 1552 1298; x_wconf 91' lang='lat' dir='ltr'>epus</span> <span class='ocrx_word' id='word_1_123' title='bbox 1572 1223 1625 1281; x_wconf 91' lang='lat' dir='ltr'>erit</span> <span class='ocrx_word' id='word_1_124' title='bbox 1649 1223 1751 1290; x_wconf 90' lang='lat' dir='ltr'>asinis,</span> <span class='ocrx_word' id='word_1_125' title='bbox 1771 1223 1901 1293; x_wconf 83' lang='lat' dir='ltr'>camelis,</span> 
     </span>
     <span class='ocr_line' id='line_1_12' title="bbox 259 1314 1986 1403; baseline -0.018 -2"><span class='ocrx_word' id='word_1_126' title='bbox 259 1354 304 1403; x_wconf 90' lang='lat' dir='ltr'>tuo</span> <span class='ocrx_word' id='word_1_127' title='bbox 318 1343 433 1402; x_wconf 86' lang='lat' dir='ltr'>edisces.</span> <span class='ocrx_word' id='word_1_128' title='bbox 445 1337 513 1394; x_wconf 73' lang='lat' dir='ltr'>nillil</span> <span class='ocrx_word' id='word_1_129' title='bbox 525 1337 588 1392; x_wconf 86' lang='lat' dir='ltr'>binc</span> <span class='ocrx_word' id='word_1_130' title='bbox 597 1333 645 1390; x_wconf 90' lang='lat' dir='ltr'>tibi</span> <span class='ocrx_word' id='word_1_131' title='bbox 657 1331 778 1388; x_wconf 73' lang='lat' dir='ltr'>utilitatis</span> <span class='ocrx_word' id='word_1_132' title='bbox 790 1327 930 1395; x_wconf 78' lang='lat' dir='ltr'>accedere,</span> <span class='ocrx_word' id='word_1_133' title='bbox 943 1322 1052 1397; x_wconf 87' lang='lat' dir='ltr'>quando</span> <span class='ocrx_word' id='word_1_134' title='bbox 1103 1317 1243 1386; x_wconf 88' lang='lat' dir='ltr'>curribus,</span> <span class='ocrx_word' id='word_1_135' title='bbox 1266 1332 1320 1374; x_wconf 90' lang='lat' dir='ltr'>non</span> <span class='ocrx_word' id='word_1_136' title='bbox 1344 1317 1458 1375; x_wconf 84' lang='lat' dir='ltr'>nauibus</span> <span class='ocrx_word' id='word_1_137' title='bbox 1479 1316 1515 1373; x_wconf 87' lang='lat' dir='ltr'>ad</span> <span class='ocrx_word' id='word_1_138' title='bbox 1537 1316 1595 1374; x_wconf 75' lang='lat' dir='ltr'>baec</span> <span class='ocrx_word' id='word_1_139' title='bbox 1617 1315 1838 1374; x_wconf 81' lang='lat' dir='ltr'>transvehenda:</span> <span class='ocrx_word' id='word_1_140' title='bbox 1853 1314 1904 1372; x_wconf 92' lang='lat' dir='ltr'>bac</span> <span class='ocrx_word' id='word_1_141' title='bbox 1981 1321 1986 1330; x_wconf 86' lang='grc'><strong>’</strong></span> 
     </span>
     <span class='ocr_line' id='line_1_13' title="bbox 257 1406 1904 1496; baseline -0.019 -1"><span class='ocrx_word' id='word_1_142' title='bbox 257 1435 372 1494; x_wconf 83' lang='lat' dir='ltr'>aninum</span> <span class='ocrx_word' id='word_1_143' title='bbox 387 1429 496 1496; x_wconf 86' lang='lat' dir='ltr'>ciliane,</span> <span class='ocrx_word' id='word_1_144' title='bbox 511 1443 561 1486; x_wconf 92' lang='lat' dir='ltr'>nec</span> <span class='ocrx_word' id='word_1_145' title='bbox 573 1428 647 1483; x_wconf 82' lang='lat' dir='ltr'>burm</span> <span class='ocrx_word' id='word_1_146' title='bbox 665 1439 716 1480; x_wconf 87' lang='lat' dir='ltr'>noc</span> <span class='ocrx_word' id='word_1_147' title='bbox 727 1419 855 1478; x_wconf 70' lang='lat' dir='ltr'>attinenti</span> <span class='ocrx_word' id='word_1_148' title='bbox 870 1419 948 1496; x_wconf 84' lang='lat' dir='ltr'>tinius</span> <span class='ocrx_word' id='word_1_149' title='bbox 962 1416 1052 1473; x_wconf 91' lang='lat' dir='ltr'>domi·</span> <span class='ocrx_word' id='word_1_150' title='bbox 1103 1408 1261 1467; x_wconf 84' lang='lat' dir='ltr'>dillrcultate</span> <span class='ocrx_word' id='word_1_151' title='bbox 1273 1425 1324 1468; x_wconf 85' lang='lat' dir='ltr'>nos</span> <span class='ocrx_word' id='word_1_152' title='bbox 1335 1410 1433 1482; x_wconf 90' lang='lat' dir='ltr'>eripuit</span> <span class='ocrx_word' id='word_1_153' title='bbox 1449 1410 1537 1477; x_wconf 85' lang='lat' dir='ltr'>beus;</span> <span class='ocrx_word' id='word_1_154' title='bbox 1558 1408 1607 1465; x_wconf 90' lang='lat' dir='ltr'>sed</span> <span class='ocrx_word' id='word_1_155' title='bbox 1619 1423 1689 1480; x_wconf 89' lang='lat' dir='ltr'>opus</span> <span class='ocrx_word' id='word_1_156' title='bbox 1703 1418 1805 1465; x_wconf 89' lang='lat' dir='ltr'>tantum</span> <span class='ocrx_word' id='word_1_157' title='bbox 1818 1406 1904 1464; x_wconf 86' lang='lat' dir='ltr'>nabe·</span> 
     </span>
     <span class='ocr_line' id='line_1_14' title="bbox 257 1499 1903 1592; baseline -0.016 -9"><span class='ocrx_word' id='word_1_158' title='bbox 257 1542 327 1591; x_wconf 83' lang='lat' dir='ltr'>rius,</span> <span class='ocrx_word' id='word_1_159' title='bbox 342 1525 400 1579; x_wconf 86' lang='lat' dir='ltr'>inec</span> <span class='ocrx_word' id='word_1_160' title='bbox 414 1522 513 1577; x_wconf 88' lang='lat' dir='ltr'>inuitus</span> <span class='ocrx_word' id='word_1_161' title='bbox 524 1517 702 1592; x_wconf 79' lang='lat' dir='ltr'>praesentibus</span> <span class='ocrx_word' id='word_1_162' title='bbox 714 1514 868 1584; x_wconf 80' lang='lat' dir='ltr'>relinques,</span> <span class='ocrx_word' id='word_1_163' title='bbox 882 1510 967 1581; x_wconf 92' lang='lat' dir='ltr'>iisque</span> <span class='ocrx_word' id='word_1_164' title='bbox 979 1522 1052 1578; x_wconf 83' lang='lat' dir='ltr'>saepe</span> <span class='ocrx_word' id='word_1_165' title='bbox 1103 1516 1165 1558; x_wconf 92' lang='lat' dir='ltr'>mus</span> <span class='ocrx_word' id='word_1_166' title='bbox 1176 1501 1340 1572; x_wconf 87' lang='lat' dir='ltr'>pauperibus</span> <span class='ocrx_word' id='word_1_167' title='bbox 1351 1543 1360 1568; x_wconf 93' lang='lat'>,</span> <span class='ocrx_word' id='word_1_168' title='bbox 1373 1500 1477 1559; x_wconf 89' lang='lat' dir='ltr'>claudis</span> <span class='ocrx_word' id='word_1_169' title='bbox 1489 1541 1498 1570; x_wconf 93' lang='lat'>,</span> <span class='ocrx_word' id='word_1_170' title='bbox 1512 1501 1606 1568; x_wconf 76' lang='lat' dir='ltr'>caecis,</span> <span class='ocrx_word' id='word_1_171' title='bbox 1630 1499 1755 1558; x_wconf 81' lang='lat' dir='ltr'>infirmis.</span> <span class='ocrx_word' id='word_1_172' title='bbox 1783 1500 1829 1556; x_wconf 85' lang='lat' dir='ltr'>llis</span> <span class='ocrx_word' id='word_1_173' title='bbox 1843 1500 1903 1557; x_wconf 87' lang='lat' dir='ltr'>talis</span> 
     </span>
     <span class='ocr_line' id='line_1_15' title="bbox 256 1592 1904 1691; baseline -0.014 -20"><span class='ocrx_word' id='word_1_174' title='bbox 256 1617 353 1691; x_wconf 88' lang='lat' dir='ltr'>quibus</span> <span class='ocrx_word' id='word_1_175' title='bbox 367 1613 465 1670; x_wconf 88' lang='lat' dir='ltr'>nolles.</span> <span class='ocrx_word' id='word_1_176' title='bbox 480 1610 570 1667; x_wconf 79' lang='lat' dir='ltr'>Munitis</span> <span class='ocrx_word' id='word_1_177' title='bbox 582 1608 653 1665; x_wconf 72' lang='lat' dir='ltr'>etnim</span> <span class='ocrx_word' id='word_1_178' title='bbox 668 1621 718 1662; x_wconf 90' lang='lat' dir='ltr'>ncc</span> <span class='ocrx_word' id='word_1_179' title='bbox 732 1604 767 1661; x_wconf 89' lang='lat' dir='ltr'>de</span> <span class='ocrx_word' id='word_1_180' title='bbox 786 1603 819 1658; x_wconf 90' lang='lat' dir='ltr'>iis</span> <span class='ocrx_word' id='word_1_181' title='bbox 831 1601 975 1671; x_wconf 80' lang='lat' dir='ltr'>disponere</span> <span class='ocrx_word' id='word_1_182' title='bbox 989 1613 1052 1670; x_wconf 89' lang='lat' dir='ltr'>per·</span> <span class='ocrx_word' id='word_1_183' title='bbox 1104 1594 1282 1664; x_wconf 81' lang='lat' dir='ltr'>comportatio</span> <span class='ocrx_word' id='word_1_184' title='bbox 1293 1592 1452 1650; x_wconf 89' lang='lat' dir='ltr'>demandata</span> <span class='ocrx_word' id='word_1_185' title='bbox 1463 1601 1523 1650; x_wconf 87' lang='lat' dir='ltr'>est:</span> <span class='ocrx_word' id='word_1_186' title='bbox 1538 1593 1565 1649; x_wconf 93' lang='lat' dir='ltr'>bi</span> <span class='ocrx_word' id='word_1_187' title='bbox 1576 1592 1705 1666; x_wconf 78' lang='lat' dir='ltr'>pecunim</span> <span class='ocrx_word' id='word_1_188' title='bbox 1718 1593 1904 1649; x_wconf 90' lang='lat' dir='ltr'>transmittunt</span> 
     </span>
    </p>
   </div>
   <div class='ocr_carea' id='block_1_5' title="bbox 140 1686 1903 1778">
    <p class='ocr_par' dir='ltr' id='par_1_5' title="bbox 140 1686 1903 1778">
     <span class='ocr_line' id='line_1_16' title="bbox 140 1686 1903 1778; baseline -0.014 -11"><span class='ocrx_word' id='word_1_189' title='bbox 140 1771 145 1778; x_wconf 61' lang='grc'><strong>,</strong></span> <span class='ocrx_word' id='word_1_190' title='bbox 257 1709 368 1766; x_wconf 86' lang='lat' dir='ltr'>missum</span> <span class='ocrx_word' id='word_1_191' title='bbox 385 1706 447 1772; x_wconf 92' lang='lat' dir='ltr'>luit,</span> <span class='ocrx_word' id='word_1_192' title='bbox 463 1703 511 1760; x_wconf 88' lang='lat' dir='ltr'>sed</span> <span class='ocrx_word' id='word_1_193' title='bbox 536 1709 647 1772; x_wconf 88' lang='lat' dir='ltr'>repente</span> <span class='ocrx_word' id='word_1_194' title='bbox 672 1697 839 1768; x_wconf 75' lang='lat' dir='ltr'>migrarunt,</span> <span class='ocrx_word' id='word_1_195' title='bbox 860 1692 922 1749; x_wconf 83' lang='lat' dir='ltr'>duni</span> <span class='ocrx_word' id='word_1_196' title='bbox 948 1691 986 1747; x_wconf 85' lang='lat' dir='ltr'>iis</span> <span class='ocrx_word' id='word_1_197' title='bbox 997 1687 1052 1746; x_wconf 90' lang='lat' dir='ltr'>lrui</span> <span class='ocrx_word' id='word_1_198' title='bbox 1104 1687 1132 1744; x_wconf 92' lang='lat' dir='ltr'>in</span> <span class='ocrx_word' id='word_1_199' title='bbox 1143 1689 1255 1756; x_wconf 77' lang='lat' dir='ltr'>caelum3</span> <span class='ocrx_word' id='word_1_200' title='bbox 1270 1688 1298 1745; x_wconf 90' lang='lat' dir='ltr'>bi</span> <span class='ocrx_word' id='word_1_201' title='bbox 1311 1689 1404 1745; x_wconf 83' lang='lat' dir='ltr'>talium</span> <span class='ocrx_word' id='word_1_202' title='bbox 1421 1703 1592 1760; x_wconf 77' lang='lat' dir='ltr'>possessores</span> <span class='ocrx_word' id='word_1_203' title='bbox 1604 1704 1687 1759; x_wconf 87' lang='lat' dir='ltr'>opum</span> <span class='ocrx_word' id='word_1_204' title='bbox 1699 1686 1727 1745; x_wconf 90' lang='lat' dir='ltr'>iu</span> <span class='ocrx_word' id='word_1_205' title='bbox 1739 1696 1903 1748; x_wconf 68' lang='lat' dir='ltr'>{eternorum</span> 
     </span>
    </p>
   </div>
   <div class='ocr_carea' id='block_1_6' title="bbox 212 1781 1907 2226">
    <p class='ocr_par' dir='ltr' id='par_1_6' title="bbox 212 1781 1907 2226">
     <span class='ocr_line' id='line_1_17' title="bbox 257 1781 1905 1872; baseline -0.006 -22"><span class='ocrx_word' id='word_1_206' title='bbox 257 1807 399 1872; x_wconf 79' lang='lat' dir='ltr'>optarent,</span> <span class='ocrx_word' id='word_1_207' title='bbox 417 1811 466 1852; x_wconf 89' lang='lat' dir='ltr'>nec</span> <span class='ocrx_word' id='word_1_208' title='bbox 479 1807 637 1852; x_wconf 81' lang='lat' dir='ltr'>coricessum</span> <span class='ocrx_word' id='word_1_209' title='bbox 651 1791 705 1847; x_wconf 90' lang='lat' dir='ltr'>illis</span> <span class='ocrx_word' id='word_1_210' title='bbox 719 1797 776 1856; x_wconf 90' lang='lat' dir='ltr'>est,</span> <span class='ocrx_word' id='word_1_211' title='bbox 790 1787 837 1844; x_wconf 90' lang='lat' dir='ltr'>sed</span> <span class='ocrx_word' id='word_1_212' title='bbox 856 1785 1004 1850; x_wconf 80' lang='lat' dir='ltr'>abstracti,</span> <span class='ocrx_word' id='word_1_213' title='bbox 1019 1797 1051 1839; x_wconf 87' lang='lat' dir='ltr'>ec</span> <span class='ocrx_word' id='word_1_214' title='bbox 1104 1781 1283 1838; x_wconf 83' lang='lat' dir='ltr'>hereditatem</span> <span class='ocrx_word' id='word_1_215' title='bbox 1303 1782 1437 1839; x_wconf 91' lang='lat' dir='ltr'>bonorum</span> <span class='ocrx_word' id='word_1_216' title='bbox 1457 1781 1628 1854; x_wconf 78' lang='lat' dir='ltr'>perducuut3</span> <span class='ocrx_word' id='word_1_217' title='bbox 1646 1798 1726 1854; x_wconf 86' lang='lat' dir='ltr'>quam</span> <span class='ocrx_word' id='word_1_218' title='bbox 1746 1799 1798 1839; x_wconf 92' lang='lat' dir='ltr'>uos</span> <span class='ocrx_word' id='word_1_219' title='bbox 1809 1797 1905 1840; x_wconf 88' lang='lat' dir='ltr'>omnes</span> 
     </span>
     <span class='ocr_line' id='line_1_18' title="bbox 259 1871 1902 1965; baseline -0.011 -15"><span class='ocrx_word' id='word_1_220' title='bbox 259 1909 306 1965; x_wconf 86' lang='lat' dir='ltr'>per</span> <span class='ocrx_word' id='word_1_221' title='bbox 319 1893 372 1946; x_wconf 83' lang='lat' dir='ltr'>uim</span> <span class='ocrx_word' id='word_1_222' title='bbox 384 1887 510 1953; x_wconf 89' lang='lat' dir='ltr'>abducti,</span> <span class='ocrx_word' id='word_1_223' title='bbox 526 1887 603 1951; x_wconf 88' lang='lat' dir='ltr'>aliis,</span> <span class='ocrx_word' id='word_1_224' title='bbox 616 1883 712 1956; x_wconf 89' lang='lat' dir='ltr'>quibus</span> <span class='ocrx_word' id='word_1_225' title='bbox 736 1880 847 1936; x_wconf 92' lang='lat' dir='ltr'>minime</span> <span class='ocrx_word' id='word_1_226' title='bbox 860 1877 1003 1943; x_wconf 85' lang='lat' dir='ltr'>volebant,</span> <span class='ocrx_word' id='word_1_227' title='bbox 1018 1890 1052 1932; x_wconf 91' lang='lat' dir='ltr'>ca</span> <span class='ocrx_word' id='word_1_228' title='bbox 1093 1871 1212 1947; x_wconf 81' lang='lat' dir='ltr'>&#39;assequi</span> <span class='ocrx_word' id='word_1_229' title='bbox 1226 1876 1365 1948; x_wconf 70' lang='lat' dir='ltr'>confingat</span> <span class='ocrx_word' id='word_1_230' title='bbox 1378 1875 1464 1947; x_wconf 75' lang='lat' dir='ltr'>qratia</span> <span class='ocrx_word' id='word_1_231' title='bbox 1477 1884 1505 1932; x_wconf 93' lang='lat' dir='ltr'>et</span> <span class='ocrx_word' id='word_1_232' title='bbox 1517 1875 1683 1948; x_wconf 75' lang='lat' dir='ltr'>berriqrritate</span> <span class='ocrx_word' id='word_1_233' title='bbox 1698 1875 1805 1932; x_wconf 87' lang='lat' dir='ltr'>bomini</span> <span class='ocrx_word' id='word_1_234' title='bbox 1817 1876 1902 1932; x_wconf 87' lang='lat' dir='ltr'>nosni</span> 
     </span>
     <span class='ocr_line' id='line_1_19' title="bbox 259 1965 1904 2056; baseline -0.01 -15"><span class='ocrx_word' id='word_1_235' title='bbox 259 1979 518 2056; x_wconf 82' lang='lat' dir='ltr'>mliquerunt.Quorl</span> <span class='ocrx_word' id='word_1_236' title='bbox 535 1994 569 2035; x_wconf 92' lang='lat' dir='ltr'>ne</span> <span class='ocrx_word' id='word_1_237' title='bbox 588 1976 665 2032; x_wconf 90' lang='lat' dir='ltr'>nobis</span> <span class='ocrx_word' id='word_1_238' title='bbox 687 1972 805 2036; x_wconf 91' lang='lat' dir='ltr'>accidat,</span> <span class='ocrx_word' id='word_1_239' title='bbox 823 1970 885 2026; x_wconf 82' lang='lat' dir='ltr'>lriiuc</span> <span class='ocrx_word' id='word_1_240' title='bbox 897 1967 973 2040; x_wconf 84' lang='lat' dir='ltr'>jam,</span> <span class='ocrx_word' id='word_1_241' title='bbox 986 1967 1052 2024; x_wconf 91' lang='lat' dir='ltr'>dum</span> <span class='ocrx_word' id='word_1_242' title='bbox 1104 1965 1170 2024; x_wconf 80' lang='lat' dir='ltr'>lesu</span> <span class='ocrx_word' id='word_1_243' title='bbox 1189 1966 1306 2034; x_wconf 82' lang='lat' dir='ltr'>Cirristi,</span> <span class='ocrx_word' id='word_1_244' title='bbox 1330 1983 1478 2041; x_wconf 90' lang='lat' dir='ltr'>perquem</span> <span class='ocrx_word' id='word_1_245' title='bbox 1501 1976 1530 2025; x_wconf 90' lang='lat' dir='ltr'>et</span> <span class='ocrx_word' id='word_1_246' title='bbox 1552 1983 1614 2024; x_wconf 90' lang='lat' dir='ltr'>cunr</span> <span class='ocrx_word' id='word_1_247' title='bbox 1626 1983 1681 2039; x_wconf 87' lang='lat' dir='ltr'>quo</span> <span class='ocrx_word' id='word_1_248' title='bbox 1703 1968 1777 2024; x_wconf 88' lang='lat' dir='ltr'>Patri</span> <span class='ocrx_word' id='word_1_249' title='bbox 1797 1967 1904 2040; x_wconf 70' lang='lat' dir='ltr'>gloria,</span> 
     </span>
     <span class='ocr_line' id='line_1_20' title="bbox 260 2061 1907 2152; baseline -0.009 -17"><span class='ocrx_word' id='word_1_250' title='bbox 260 2096 307 2152; x_wconf 87' lang='lat' dir='ltr'>per</span> <span class='ocrx_word' id='word_1_251' title='bbox 315 2075 496 2133; x_wconf 86' lang='lat' dir='ltr'>ualetudinem</span> <span class='ocrx_word' id='word_1_252' title='bbox 508 2073 580 2137; x_wconf 90' lang='lat' dir='ltr'>licet,</span> <span class='ocrx_word' id='word_1_253' title='bbox 592 2069 729 2125; x_wconf 89' lang='lat' dir='ltr'>mittannrs</span> <span class='ocrx_word' id='word_1_254' title='bbox 739 2066 767 2122; x_wconf 93' lang='lat' dir='ltr'>in</span> <span class='ocrx_word' id='word_1_255' title='bbox 777 2064 912 2120; x_wconf 86' lang='lat' dir='ltr'>civitatem</span> <span class='ocrx_word' id='word_1_256' title='bbox 922 2069 1056 2137; x_wconf 16' lang='lat' dir='ltr'>nostram..</span> <span class='ocrx_word' id='word_1_257' title='bbox 1103 2073 1158 2116; x_wconf 86' lang='lat' dir='ltr'>una</span> <span class='ocrx_word' id='word_1_258' title='bbox 1177 2075 1239 2117; x_wconf 89' lang='lat' dir='ltr'>cum</span> <span class='ocrx_word' id='word_1_259' title='bbox 1252 2061 1354 2132; x_wconf 86' lang='lat' dir='ltr'>Spiritu</span> <span class='ocrx_word' id='word_1_260' title='bbox 1369 2070 1478 2130; x_wconf 86' lang='lat' dir='ltr'>sancto,</span> <span class='ocrx_word' id='word_1_261' title='bbox 1493 2077 1565 2120; x_wconf 91' lang='lat' dir='ltr'>nunc</span> <span class='ocrx_word' id='word_1_262' title='bbox 1584 2071 1613 2120; x_wconf 87' lang='lat' dir='ltr'>et</span> <span class='ocrx_word' id='word_1_263' title='bbox 1625 2078 1758 2135; x_wconf 78' lang='lat' dir='ltr'>semper,</span> <span class='ocrx_word' id='word_1_264' title='bbox 1775 2072 1803 2120; x_wconf 82' lang='lat' dir='ltr'>et</span> <span class='ocrx_word' id='word_1_265' title='bbox 1814 2063 1843 2118; x_wconf 94' lang='lat' dir='ltr'>in</span> <span class='ocrx_word' id='word_1_266' title='bbox 1854 2077 1907 2120; x_wconf 78' lang='lat' dir='ltr'>tre-</span> 
     </span>
     <span class='ocr_line' id='line_1_21' title="bbox 212 2149 1463 2226; baseline -0.014 0"><span class='ocrx_word' id='word_1_267' title='bbox 212 2149 216 2160; x_wconf 65' lang='grc'><em>’</em></span> <span class='ocrx_word' id='word_1_268' title='bbox 260 2171 307 2226; x_wconf 93' lang='lat' dir='ltr'>lllo</span> <span class='ocrx_word' id='word_1_269' title='bbox 319 2169 391 2226; x_wconf 90' lang='lat' dir='ltr'>euim</span> <span class='ocrx_word' id='word_1_270' title='bbox 404 2173 505 2222; x_wconf 91' lang='lat' dir='ltr'>tantum</span> <span class='ocrx_word' id='word_1_271' title='bbox 520 2162 601 2218; x_wconf 92' lang='lat' dir='ltr'>modo</span> <span class='ocrx_word' id='word_1_272' title='bbox 616 2159 659 2214; x_wconf 84' lang='lat' dir='ltr'>liis</span> <span class='ocrx_word' id='word_1_273' title='bbox 674 2157 726 2212; x_wconf 85' lang='lat' dir='ltr'>lrui</span> <span class='ocrx_word' id='word_1_274' title='bbox 740 2154 905 2226; x_wconf 86' lang='lat' dir='ltr'>poterimus,</span> <span class='ocrx_word' id='word_1_275' title='bbox 919 2151 986 2207; x_wconf 82' lang='lat' dir='ltr'>alias</span> <span class='ocrx_word' id='word_1_276' title='bbox 998 2149 1049 2206; x_wconf 88' lang='lat' dir='ltr'>mi·</span> <span class='ocrx_word' id='word_1_277' title='bbox 1105 2150 1166 2206; x_wconf 83' lang='lat' dir='ltr'>cula</span> <span class='ocrx_word' id='word_1_278' title='bbox 1180 2151 1351 2210; x_wconf 74' lang='lat' dir='ltr'>sacculorum.</span> <span class='ocrx_word' id='word_1_279' title='bbox 1366 2153 1463 2210; x_wconf 78' lang='lat' dir='ltr'>Amen.</span> 
     </span>
    </p>
   </div>
   <div class='ocr_carea' id='block_1_7' title="bbox 923 2365 1220 2430">
    <p class='ocr_par' dir='ltr' id='par_1_7' title="bbox 923 2365 1220 2430">
     <span class='ocr_line' id='line_1_22' title="bbox 923 2365 1220 2430; baseline 0 -2"><span class='ocrx_word' id='word_1_280' title='bbox 923 2365 1099 2430; x_wconf 79' lang='lat' dir='ltr'>nolum</span> <span class='ocrx_word' id='word_1_281' title='bbox 1117 2365 1220 2429; x_wconf 83' lang='lat' dir='ltr'>xvir.</span> 
     </span>
    </p>
   </div>
   <div class='ocr_carea' id='block_1_8' title="bbox 265 2511 1912 2883">
    <p class='ocr_par' dir='ltr' id='par_1_8' title="bbox 265 2511 1912 2883">
     <span class='ocr_line' id='line_1_23' title="bbox 265 2511 1911 2602; baseline -0.026 -11"><span class='ocrx_word' id='word_1_282' title='bbox 265 2532 310 2590; x_wconf 69' lang='grc'>98.</span> <span class='ocrx_word' id='word_1_283' title='bbox 330 2532 392 2589; x_wconf 77' lang='lat' dir='ltr'>nus</span> <span class='ocrx_word' id='word_1_284' title='bbox 406 2533 477 2602; x_wconf 76' lang='lat' dir='ltr'>furtu</span> <span class='ocrx_word' id='word_1_285' title='bbox 493 2537 551 2583; x_wconf 84' lang='grc' dir='ltr'>ιιιιιι</span> <span class='ocrx_word' id='word_1_286' title='bbox 563 2527 589 2581; x_wconf 91' lang='lat' dir='ltr'>in</span> <span class='ocrx_word' id='word_1_287' title='bbox 602 2521 744 2579; x_wconf 72' lang='lat' dir='ltr'>Bellunum*</span> <span class='ocrx_word' id='word_1_288' title='bbox 760 2528 830 2575; x_wconf 78' lang='lat' dir='ltr'>tunna</span> <span class='ocrx_word' id='word_1_289' title='bbox 842 2515 1000 2581; x_wconf 80' lang='lat' dir='ltr'>lectionem,</span> <span class='ocrx_word' id='word_1_290' title='bbox 1015 2511 1059 2566; x_wconf 84' lang='lat' dir='ltr'>obi</span> <span class='ocrx_word' id='word_1_291' title='bbox 1112 2512 1200 2570; x_wconf 88' lang='lat' dir='ltr'>lutura</span> <span class='ocrx_word' id='word_1_292' title='bbox 1218 2522 1277 2570; x_wconf 78' lang='lat' dir='ltr'>erat</span> <span class='ocrx_word' id='word_1_293' title='bbox 1297 2514 1416 2572; x_wconf 62' lang='lat' dir='ltr'>vertutis</span> <span class='ocrx_word' id='word_1_294' title='bbox 1431 2514 1642 2574; x_wconf 42' lang='lat' dir='ltr'>demonstran&amp;</span> <span class='ocrx_word' id='word_1_295' title='bbox 1660 2517 1748 2574; x_wconf 54' lang='lat' dir='ltr'>Ape„</span> <span class='ocrx_word' id='word_1_296' title='bbox 1766 2525 1850 2573; x_wconf 56' lang='lat' dir='ltr'>mem</span> <span class='ocrx_word' id='word_1_297' title='bbox 1868 2516 1911 2574; x_wconf 47' lang='grc' dir='ltr'>ἄιε</span> 
     </span>
     <span class='ocr_line' id='line_1_24' title="bbox 298 2604 1910 2693; baseline -0.009 -12"><span class='ocrx_word' id='word_1_298' title='bbox 298 2635 353 2682; x_wconf 85' lang='lat' dir='ltr'>eret</span> <span class='ocrx_word' id='word_1_299' title='bbox 366 2621 481 2679; x_wconf 76' lang='lat' dir='ltr'>lammet</span> <span class='ocrx_word' id='word_1_300' title='bbox 495 2619 636 2693; x_wconf 76' lang='lat' dir='ltr'>baptisans.</span> <span class='ocrx_word' id='word_1_301' title='bbox 657 2613 704 2672; x_wconf 71' lang='lat'>29.</span> <span class='ocrx_word' id='word_1_302' title='bbox 720 2612 808 2667; x_wconf 78' lang='lat' dir='ltr'>Altero</span> <span class='ocrx_word' id='word_1_303' title='bbox 829 2616 914 2664; x_wconf 84' lang='lat' dir='ltr'>antem</span> <span class='ocrx_word' id='word_1_304' title='bbox 938 2604 1059 2662; x_wconf 74' lang='lat' dir='ltr'>dissidet</span> <span class='ocrx_word' id='word_1_305' title='bbox 1110 2605 1293 2664; x_wconf 78' lang='lat' dir='ltr'>oiditlomrrret</span> <span class='ocrx_word' id='word_1_306' title='bbox 1306 2607 1397 2664; x_wconf 75' lang='lat' dir='ltr'>lesmrt</span> <span class='ocrx_word' id='word_1_307' title='bbox 1406 2609 1543 2666; x_wconf 74' lang='grc' dir='ltr'>ιιιιίιιιιιιιι</span> <span class='ocrx_word' id='word_1_308' title='bbox 1553 2610 1588 2665; x_wconf 85' lang='lat' dir='ltr'>ad</span> <span class='ocrx_word' id='word_1_309' title='bbox 1596 2627 1637 2678; x_wconf 85' lang='lat' dir='ltr'>ae,</span> <span class='ocrx_word' id='word_1_310' title='bbox 1651 2621 1676 2666; x_wconf 88' lang='lat' dir='ltr'>et</span> <span class='ocrx_word' id='word_1_311' title='bbox 1685 2612 1723 2666; x_wconf 87' lang='lat' dir='ltr'>nit</span> <span class='ocrx_word' id='word_1_312' title='bbox 1734 2627 1744 2667; x_wconf 91' lang='grc'>.·</span> <span class='ocrx_word' id='word_1_313' title='bbox 1755 2611 1910 2686; x_wconf 77' lang='lat' dir='ltr'>Ecceaqnur</span> 
     </span>
     <span class='ocr_line' id='line_1_25' title="bbox 301 2696 1908 2776; baseline -0.008 -5"><span class='ocrx_word' id='word_1_314' title='bbox 301 2717 391 2773; x_wconf 81' lang='lat' dir='ltr'>leram</span> <span class='ocrx_word' id='word_1_315' title='bbox 402 2715 540 2771; x_wconf 87' lang='lat' dir='ltr'>uenientem</span> <span class='ocrx_word' id='word_1_316' title='bbox 551 2709 585 2765; x_wconf 88' lang='lat' dir='ltr'>ad</span> <span class='ocrx_word' id='word_1_317' title='bbox 597 2725 634 2773; x_wconf 84' lang='lat' dir='ltr'>se,</span> <span class='ocrx_word' id='word_1_318' title='bbox 646 2717 669 2762; x_wconf 87' lang='lat' dir='ltr'>et</span> <span class='ocrx_word' id='word_1_319' title='bbox 680 2707 736 2762; x_wconf 84' lang='lat' dir='ltr'>nit:</span> <span class='ocrx_word' id='word_1_320' title='bbox 751 2701 818 2760; x_wconf 80' lang='lat' dir='ltr'>licre</span> <span class='ocrx_word' id='word_1_321' title='bbox 830 2716 911 2774; x_wconf 83' lang='lat' dir='ltr'>uqnnt</span> <span class='ocrx_word' id='word_1_322' title='bbox 925 2696 989 2764; x_wconf 81' lang='lat' dir='ltr'>liei,</span> <span class='ocrx_word' id='word_1_323' title='bbox 1004 2711 1060 2752; x_wconf 81' lang='lat' dir='ltr'>ecce</span> <span class='ocrx_word' id='word_1_324' title='bbox 1112 2696 1178 2764; x_wconf 79' lang='lat' dir='ltr'>liet,</span> <span class='ocrx_word' id='word_1_325' title='bbox 1191 2699 1235 2769; x_wconf 82' lang='lat' dir='ltr'>qui</span> <span class='ocrx_word' id='word_1_326' title='bbox 1249 2699 1316 2754; x_wconf 87' lang='lat' dir='ltr'>tellit</span> <span class='ocrx_word' id='word_1_327' title='bbox 1336 2708 1440 2772; x_wconf 82' lang='lat' dir='ltr'>pescolo</span> <span class='ocrx_word' id='word_1_328' title='bbox 1457 2701 1556 2758; x_wconf 80' lang='lat' dir='ltr'>orandi.</span> <span class='ocrx_word' id='word_1_329' title='bbox 1569 2701 1769 2760; x_wconf 83' lang='lat' dir='ltr'>bisnitnemm</span> <span class='ocrx_word' id='word_1_330' title='bbox 1789 2714 1908 2776; x_wconf 90' lang='lat' dir='ltr'>tempora</span> 
     </span>
     <span class='ocr_line' id='line_1_26' title="bbox 299 2789 1912 2883; baseline -0.008 -19"><span class='ocrx_word' id='word_1_331' title='bbox 299 2811 342 2883; x_wconf 88' lang='lat' dir='ltr'>qni</span> <span class='ocrx_word' id='word_1_332' title='bbox 356 2809 422 2866; x_wconf 89' lang='lat' dir='ltr'>tellit</span> <span class='ocrx_word' id='word_1_333' title='bbox 437 2815 541 2879; x_wconf 83' lang='lat' dir='ltr'>peccato</span> <span class='ocrx_word' id='word_1_334' title='bbox 552 2801 651 2858; x_wconf 84' lang='lat' dir='ltr'>ruuudi.</span> <span class='ocrx_word' id='word_1_335' title='bbox 1114 2789 1286 2862; x_wconf 72' lang='lat' dir='ltr'>&#39;evangeliste</span> <span class='ocrx_word' id='word_1_336' title='bbox 1298 2809 1305 2846; x_wconf 93' lang='lat'><strong>:</strong></span> <span class='ocrx_word' id='word_1_337' title='bbox 1317 2791 1458 2850; x_wconf 76' lang='lat' dir='ltr'>llattbaeus</span> <span class='ocrx_word' id='word_1_338' title='bbox 1477 2803 1673 2866; x_wconf 76' lang='lat' dir='ltr'>temporaque</span> <span class='ocrx_word' id='word_1_339' title='bbox 1691 2794 1802 2853; x_wconf 82' lang='lat' dir='ltr'>loannis</span> <span class='ocrx_word' id='word_1_340' title='bbox 1820 2795 1912 2867; x_wconf 86' lang='lat' dir='ltr'>ilapti·</span> 
     </span>
    </p>
   </div>
   <div class='ocr_carea' id='block_1_9' title="bbox 266 2887 1092 4260">
    <p class='ocr_par' dir='ltr' id='par_1_9' title="bbox 266 2887 1092 4260">
     <span class='ocr_line' id='line_1_27' title="bbox 303 2887 1059 2974; baseline -0.028 -14"><span class='ocrx_word' id='word_1_341' title='bbox 303 2904 330 2960; x_wconf 91' lang='lat' dir='ltr'>l.</span> <span class='ocrx_word' id='word_1_342' title='bbox 350 2901 474 2974; x_wconf 76' lang='lat' dir='ltr'>llapnum</span> <span class='ocrx_word' id='word_1_343' title='bbox 496 2899 596 2954; x_wconf 82' lang='lat' dir='ltr'>bonrum</span> <span class='ocrx_word' id='word_1_344' title='bbox 619 2893 714 2950; x_wconf 89' lang='lat' dir='ltr'>llducla</span> <span class='ocrx_word' id='word_1_345' title='bbox 737 2903 765 2949; x_wconf 89' lang='lat' dir='ltr'>et</span> <span class='ocrx_word' id='word_1_346' title='bbox 783 2887 908 2962; x_wconf 89' lang='lat' dir='ltr'>loquendi</span> <span class='ocrx_word' id='word_1_347' title='bbox 932 2887 1059 2952; x_wconf 88' lang='lat' dir='ltr'>libertas,</span> 
     </span>
     <span class='ocr_line' id='line_1_28' title="bbox 268 2979 1062 3066; baseline -0.031 -11"><span class='ocrx_word' id='word_1_348' title='bbox 268 2995 411 3066; x_wconf 86' lang='lat' dir='ltr'>omniaque</span> <span class='ocrx_word' id='word_1_349' title='bbox 430 2989 531 3048; x_wconf 86' lang='lat' dir='ltr'>Christi</span> <span class='ocrx_word' id='word_1_350' title='bbox 550 2984 712 3044; x_wconf 76' lang='lat' dir='ltr'>confessioni</span> <span class='ocrx_word' id='word_1_351' title='bbox 739 2990 920 3055; x_wconf 90' lang='lat' dir='ltr'>postponere;</span> <span class='ocrx_word' id='word_1_352' title='bbox 943 2979 979 3034; x_wconf 89' lang='lat' dir='ltr'>ita</span> <span class='ocrx_word' id='word_1_353' title='bbox 1003 2989 1062 3032; x_wconf 89' lang='lat' dir='ltr'>ma·</span> 
     </span>
     <span class='ocr_line' id='line_1_29' title="bbox 266 3067 1060 3160; baseline -0.028 -15"><span class='ocrx_word' id='word_1_354' title='bbox 266 3102 348 3160; x_wconf 70' lang='lat' dir='ltr'>unum</span> <span class='ocrx_word' id='word_1_355' title='bbox 361 3094 390 3142; x_wconf 92' lang='lat' dir='ltr'>ct</span> <span class='ocrx_word' id='word_1_356' title='bbox 401 3081 535 3146; x_wconf 88' lang='lat' dir='ltr'>mirabile,</span> <span class='ocrx_word' id='word_1_357' title='bbox 549 3087 579 3134; x_wconf 94' lang='lat' dir='ltr'>ut</span> <span class='ocrx_word' id='word_1_358' title='bbox 593 3077 676 3134; x_wconf 83' lang='lat' dir='ltr'>Filius</span> <span class='ocrx_word' id='word_1_359' title='bbox 688 3075 734 3132; x_wconf 86' lang='lat' dir='ltr'>bet</span> <span class='ocrx_word' id='word_1_360' title='bbox 750 3073 903 3145; x_wconf 77' lang='lat' dir='ltr'>unigenitus</span> <span class='ocrx_word' id='word_1_361' title='bbox 919 3070 998 3126; x_wconf 86' lang='lat' dir='ltr'>talem</span> <span class='ocrx_word' id='word_1_362' title='bbox 1009 3067 1060 3124; x_wconf 88' lang='lat' dir='ltr'>bo·</span> 
     </span>
     <span class='ocr_line' id='line_1_30' title="bbox 268 3161 1092 3243; baseline -0.024 -6"><span class='ocrx_word' id='word_1_363' title='bbox 268 3179 368 3237; x_wconf 90' lang='lat' dir='ltr'>minem</span> <span class='ocrx_word' id='word_1_364' title='bbox 382 3191 473 3235; x_wconf 87' lang='lat' dir='ltr'>comm</span> <span class='ocrx_word' id='word_1_365' title='bbox 493 3174 573 3230; x_wconf 85' lang='lat' dir='ltr'>Patre</span> <span class='ocrx_word' id='word_1_366' title='bbox 597 3169 724 3243; x_wconf 72' lang='lat' dir='ltr'>predicet</span> <span class='ocrx_word' id='word_1_367' title='bbox 740 3186 747 3225; x_wconf 79' lang='lat' dir='ltr'>s</span> <span class='ocrx_word' id='word_1_368' title='bbox 762 3165 812 3224; x_wconf 88' lang='lat' dir='ltr'>etsi</span> <span class='ocrx_word' id='word_1_369' title='bbox 826 3182 879 3223; x_wconf 90' lang='lat' dir='ltr'>nun</span> <span class='ocrx_word' id='word_1_370' title='bbox 899 3163 1010 3237; x_wconf 79' lang='lat' dir='ltr'>mqnalis</span> <span class='ocrx_word' id='word_1_371' title='bbox 1022 3161 1059 3219; x_wconf 89' lang='lat' dir='ltr'>sit</span> <span class='ocrx_word' id='word_1_372' title='bbox 1089 3168 1092 3173; x_wconf 72' lang='lat'>‘</span> 
     </span>
     <span class='ocr_line' id='line_1_31' title="bbox 267 3256 1060 3330; baseline -0.026 0"><span class='ocrx_word' id='word_1_373' title='bbox 267 3285 381 3330; x_wconf 85' lang='lat' dir='ltr'>memes.</span> <span class='ocrx_word' id='word_1_374' title='bbox 397 3269 436 3326; x_wconf 89' lang='lat' dir='ltr'>&#39;lu</span> <span class='ocrx_word' id='word_1_375' title='bbox 450 3267 521 3326; x_wconf 90' lang='lat' dir='ltr'>enim</span> <span class='ocrx_word' id='word_1_376' title='bbox 536 3264 674 3322; x_wconf 74' lang='lat' dir='ltr'>constiteris</span> <span class='ocrx_word' id='word_1_377' title='bbox 688 3263 714 3317; x_wconf 93' lang='lat' dir='ltr'>in</span> <span class='ocrx_word' id='word_1_378' title='bbox 732 3270 822 3328; x_wconf 91' lang='lat' dir='ltr'>terra;</span> <span class='ocrx_word' id='word_1_379' title='bbox 837 3260 882 3317; x_wconf 90' lang='lat' dir='ltr'>ille</span> <span class='ocrx_word' id='word_1_380' title='bbox 896 3272 961 3314; x_wconf 84' lang='lat' dir='ltr'>uero</span> <span class='ocrx_word' id='word_1_381' title='bbox 974 3256 1060 3314; x_wconf 86' lang='lat' dir='ltr'>conli-</span> 
     </span>
     <span class='ocr_line' id='line_1_32' title="bbox 267 3350 1062 3426; baseline -0.024 -5"><span class='ocrx_word' id='word_1_382' title='bbox 267 3372 338 3421; x_wconf 84' lang='lat' dir='ltr'>tetnr</span> <span class='ocrx_word' id='word_1_383' title='bbox 349 3364 376 3419; x_wconf 91' lang='lat' dir='ltr'>in</span> <span class='ocrx_word' id='word_1_384' title='bbox 391 3362 463 3419; x_wconf 84' lang='lat' dir='ltr'>caelis</span> <span class='ocrx_word' id='word_1_385' title='bbox 476 3362 523 3416; x_wconf 84' lang='lat' dir='ltr'>:tu</span> <span class='ocrx_word' id='word_1_386' title='bbox 536 3356 688 3414; x_wconf 79' lang='lat' dir='ltr'>bortrinibus</span> <span class='ocrx_word' id='word_1_387' title='bbox 701 3351 895 3426; x_wconf 76' lang='lat' dir='ltr'>praesentibus,</span> <span class='ocrx_word' id='word_1_388' title='bbox 911 3350 956 3405; x_wconf 94' lang='lat' dir='ltr'>ille</span> <span class='ocrx_word' id='word_1_389' title='bbox 970 3363 1062 3405; x_wconf 89' lang='lat' dir='ltr'>coram</span> 
     </span>
     <span class='ocr_line' id='line_1_33' title="bbox 267 3442 1063 3525; baseline -0.024 -11"><span class='ocrx_word' id='word_1_390' title='bbox 267 3456 347 3514; x_wconf 75' lang='lat' dir='ltr'>Patre</span> <span class='ocrx_word' id='word_1_391' title='bbox 365 3464 394 3512; x_wconf 95' lang='lat' dir='ltr'>et</span> <span class='ocrx_word' id='word_1_392' title='bbox 414 3453 516 3525; x_wconf 74' lang='lat' dir='ltr'>angelis</span> <span class='ocrx_word' id='word_1_393' title='bbox 536 3448 671 3507; x_wconf 86' lang='lat' dir='ltr'>onrrribus.</span> <span class='ocrx_word' id='word_1_394' title='bbox 694 3445 768 3504; x_wconf 87' lang='lat' dir='ltr'>Talis</span> <span class='ocrx_word' id='word_1_395' title='bbox 781 3453 839 3501; x_wconf 90' lang='lat' dir='ltr'>crat</span> <span class='ocrx_word' id='word_1_396' title='bbox 853 3442 971 3499; x_wconf 87' lang='lat' dir='ltr'>loarmes</span> <span class='ocrx_word' id='word_1_397' title='bbox 986 3456 994 3493; x_wconf 79' lang='grc' dir='ltr'>ι</span> <span class='ocrx_word' id='word_1_398' title='bbox 1008 3454 1063 3495; x_wconf 93' lang='lat' dir='ltr'>non</span> 
     </span>
     <span class='ocr_line' id='line_1_34' title="bbox 268 3531 1064 3617; baseline -0.024 -10"><span class='ocrx_word' id='word_1_399' title='bbox 268 3547 477 3616; x_wconf 89' lang='lat' dir='ltr'>multitudinem,</span> <span class='ocrx_word' id='word_1_400' title='bbox 492 3560 545 3603; x_wconf 92' lang='lat' dir='ltr'>non</span> <span class='ocrx_word' id='word_1_401' title='bbox 560 3545 687 3617; x_wconf 70' lang='lat' dir='ltr'>gloriam,</span> <span class='ocrx_word' id='word_1_402' title='bbox 702 3556 755 3597; x_wconf 90' lang='lat' dir='ltr'>nun</span> <span class='ocrx_word' id='word_1_403' title='bbox 765 3538 842 3595; x_wconf 78' lang='lat' dir='ltr'>&#39;elicui</span> <span class='ocrx_word' id='word_1_404' title='bbox 855 3536 962 3611; x_wconf 82' lang='lat' dir='ltr'>quiduis</span> <span class='ocrx_word' id='word_1_405' title='bbox 977 3531 1064 3605; x_wconf 89' lang='lat' dir='ltr'>respi-</span> 
     </span>
     <span class='ocr_line' id='line_1_35' title="bbox 268 3632 1064 3707; baseline -0.025 -8"><span class='ocrx_word' id='word_1_406' title='bbox 268 3641 371 3707; x_wconf 66' lang='lat' dir='ltr'>ciebam</span> <span class='ocrx_word' id='word_1_407' title='bbox 386 3637 434 3697; x_wconf 90' lang='lat' dir='ltr'>sed</span> <span class='ocrx_word' id='word_1_408' title='bbox 449 3638 507 3695; x_wconf 84' lang='lat' dir='ltr'>lucc</span> <span class='ocrx_word' id='word_1_409' title='bbox 519 3636 609 3693; x_wconf 86' lang='lat' dir='ltr'>omnia</span> <span class='ocrx_word' id='word_1_410' title='bbox 632 3632 771 3700; x_wconf 88' lang='lat' dir='ltr'>calcabat,</span> <span class='ocrx_word' id='word_1_411' title='bbox 786 3639 813 3687; x_wconf 89' lang='lat' dir='ltr'>et</span> <span class='ocrx_word' id='word_1_412' title='bbox 828 3644 890 3685; x_wconf 90' lang='lat' dir='ltr'>cum</span> <span class='ocrx_word' id='word_1_413' title='bbox 904 3642 935 3685; x_wconf 90' lang='lat' dir='ltr'>ea</span> <span class='ocrx_word' id='word_1_414' title='bbox 949 3640 1001 3699; x_wconf 91' lang='lat' dir='ltr'>qua</span> <span class='ocrx_word' id='word_1_415' title='bbox 1014 3639 1064 3696; x_wconf 89' lang='lat' dir='ltr'>par</span> 
     </span>
     <span class='ocr_line' id='line_1_36' title="bbox 267 3716 1062 3801; baseline -0.023 -11"><span class='ocrx_word' id='word_1_416' title='bbox 267 3740 327 3790; x_wconf 91' lang='lat' dir='ltr'>erat</span> <span class='ocrx_word' id='word_1_417' title='bbox 337 3730 461 3789; x_wconf 90' lang='lat' dir='ltr'>libertate</span> <span class='ocrx_word' id='word_1_418' title='bbox 474 3743 534 3801; x_wconf 89' lang='lat' dir='ltr'>quae</span> <span class='ocrx_word' id='word_1_419' title='bbox 541 3726 641 3785; x_wconf 83' lang='lat' dir='ltr'>ctutut</span> <span class='ocrx_word' id='word_1_420' title='bbox 656 3734 733 3782; x_wconf 89' lang='lat' dir='ltr'>erant</span> <span class='ocrx_word' id='word_1_421' title='bbox 747 3722 873 3779; x_wconf 92' lang='lat' dir='ltr'>omnibus</span> <span class='ocrx_word' id='word_1_422' title='bbox 887 3716 1062 3791; x_wconf 78' lang='lat' dir='ltr'>predicabat.</span> 
     </span>
     <span class='ocr_line' id='line_1_37' title="bbox 268 3812 1064 3891; baseline -0.025 -9"><span class='ocrx_word' id='word_1_423' title='bbox 268 3825 331 3882; x_wconf 88' lang='lat' dir='ltr'>ldeo</span> <span class='ocrx_word' id='word_1_424' title='bbox 343 3824 431 3881; x_wconf 88' lang='lat' dir='ltr'>locum</span> <span class='ocrx_word' id='word_1_425' title='bbox 444 3820 542 3879; x_wconf 88' lang='lat' dir='ltr'>indicat</span> <span class='ocrx_word' id='word_1_426' title='bbox 557 3818 732 3891; x_wconf 77' lang='lat' dir='ltr'>euangelista,</span> <span class='ocrx_word' id='word_1_427' title='bbox 749 3824 778 3871; x_wconf 92' lang='lat' dir='ltr'>ut</span> <span class='ocrx_word' id='word_1_428' title='bbox 791 3812 954 3871; x_wconf 87' lang='lat' dir='ltr'>vocalissimi</span> <span class='ocrx_word' id='word_1_429' title='bbox 964 3823 1064 3882; x_wconf 76' lang='lat' dir='ltr'>preco·</span> 
     </span>
     <span class='ocr_line' id='line_1_38' title="bbox 269 3901 1062 3975; baseline -0.023 -2"><span class='ocrx_word' id='word_1_430' title='bbox 269 3918 311 3975; x_wconf 89' lang='lat' dir='ltr'>nis</span> <span class='ocrx_word' id='word_1_431' title='bbox 328 3916 452 3975; x_wconf 88' lang='lat' dir='ltr'>liduciam</span> <span class='ocrx_word' id='word_1_432' title='bbox 466 3912 632 3971; x_wconf 89' lang='lat' dir='ltr'>ostenderet.</span> <span class='ocrx_word' id='word_1_433' title='bbox 654 3907 813 3975; x_wconf 83' lang='lat' dir='ltr'>Nondomi,</span> <span class='ocrx_word' id='word_1_434' title='bbox 834 3920 887 3962; x_wconf 90' lang='lat' dir='ltr'>non</span> <span class='ocrx_word' id='word_1_435' title='bbox 903 3906 929 3959; x_wconf 92' lang='lat' dir='ltr'>in</span> <span class='ocrx_word' id='word_1_436' title='bbox 946 3901 1062 3973; x_wconf 76' lang='lat' dir='ltr'>angulo,</span> 
     </span>
     <span class='ocr_line' id='line_1_39' title="bbox 273 3992 1087 4071; baseline -0.025 -6"><span class='ocrx_word' id='word_1_437' title='bbox 273 4025 327 4066; x_wconf 88' lang='lat' dir='ltr'>non</span> <span class='ocrx_word' id='word_1_438' title='bbox 353 4009 381 4065; x_wconf 92' lang='lat' dir='ltr'>in</span> <span class='ocrx_word' id='word_1_439' title='bbox 405 4005 513 4065; x_wconf 87' lang='lat' dir='ltr'>deserto</span> <span class='ocrx_word' id='word_1_440' title='bbox 535 4004 557 4071; x_wconf 87' lang='lat'>¹,</span> <span class='ocrx_word' id='word_1_441' title='bbox 583 4002 629 4058; x_wconf 90' lang='lat' dir='ltr'>sed</span> <span class='ocrx_word' id='word_1_442' title='bbox 642 4000 676 4058; x_wconf 90' lang='lat' dir='ltr'>ad</span> <span class='ocrx_word' id='word_1_443' title='bbox 688 3998 831 4057; x_wconf 80' lang='lat' dir='ltr'>iordanem</span> <span class='ocrx_word' id='word_1_444' title='bbox 848 3998 873 4053; x_wconf 94' lang='lat' dir='ltr'>in</span> <span class='ocrx_word' id='word_1_445' title='bbox 888 3993 977 4052; x_wconf 89' lang='lat' dir='ltr'>medio</span> <span class='ocrx_word' id='word_1_446' title='bbox 993 3992 1064 4047; x_wconf 92' lang='lat' dir='ltr'>mul·</span> <span class='ocrx_word' id='word_1_447' title='bbox 1083 3994 1087 4002; x_wconf 86' lang='lat'><em>&#39;</em></span> 
     </span>
     <span class='ocr_line' id='line_1_40' title="bbox 269 4085 1064 4173; baseline -0.025 -13"><span class='ocrx_word' id='word_1_448' title='bbox 269 4102 401 4171; x_wconf 87' lang='lat' dir='ltr'>titudinis,</span> <span class='ocrx_word' id='word_1_449' title='bbox 413 4097 646 4173; x_wconf 69' lang='lat' dir='ltr'>presentibusque</span> <span class='ocrx_word' id='word_1_450' title='bbox 663 4094 787 4151; x_wconf 91' lang='lat' dir='ltr'>omnibus</span> <span class='ocrx_word' id='word_1_451' title='bbox 797 4090 841 4162; x_wconf 89' lang='lat' dir='ltr'>qui</span> <span class='ocrx_word' id='word_1_452' title='bbox 854 4089 889 4145; x_wconf 93' lang='lat' dir='ltr'>ab</span> <span class='ocrx_word' id='word_1_453' title='bbox 903 4089 961 4160; x_wconf 88' lang='lat' dir='ltr'>ipso</span> <span class='ocrx_word' id='word_1_454' title='bbox 975 4085 1064 4157; x_wconf 87' lang='lat' dir='ltr'>bapti-</span> 
     </span>
     <span class='ocr_line' id='line_1_41' title="bbox 268 4176 1065 4260; baseline -0.028 -6"><span class='ocrx_word' id='word_1_455' title='bbox 268 4196 399 4254; x_wconf 82' lang='lat' dir='ltr'>sabannn</span> <span class='ocrx_word' id='word_1_456' title='bbox 412 4190 545 4260; x_wconf 80' lang='lat' dir='ltr'>(aderant</span> <span class='ocrx_word' id='word_1_457' title='bbox 555 4187 628 4246; x_wconf 91' lang='lat' dir='ltr'>enim</span> <span class='ocrx_word' id='word_1_458' title='bbox 647 4185 731 4244; x_wconf 78' lang='lat' dir='ltr'>ludaei</span> <span class='ocrx_word' id='word_1_459' title='bbox 742 4184 764 4255; x_wconf 82' lang='lat' dir='ltr'>l,</span> <span class='ocrx_word' id='word_1_460' title='bbox 778 4180 927 4239; x_wconf 85' lang='lat' dir='ltr'>mirabilem</span> <span class='ocrx_word' id='word_1_461' title='bbox 943 4178 1015 4235; x_wconf 91' lang='lat' dir='ltr'>illam</span> <span class='ocrx_word' id='word_1_462' title='bbox 1029 4176 1065 4233; x_wconf 93' lang='lat' dir='ltr'>de</span> 
     </span>
    </p>
   </div>
   <div class='ocr_carea' id='block_1_10' title="bbox 269 4269 1106 4359">
    <p class='ocr_par' dir='ltr' id='par_1_10' title="bbox 269 4269 1106 4359">
     <span class='ocr_line' id='line_1_42' title="bbox 269 4269 1106 4359; baseline -0.026 -15"><span class='ocrx_word' id='word_1_463' title='bbox 269 4285 378 4344; x_wconf 78' lang='lat' dir='ltr'>libristo</span> <span class='ocrx_word' id='word_1_464' title='bbox 390 4283 547 4359; x_wconf 75' lang='lat' dir='ltr'>predicavit</span> <span class='ocrx_word' id='word_1_465' title='bbox 560 4278 758 4337; x_wconf 89' lang='lat' dir='ltr'>conlessionem</span> <span class='ocrx_word' id='word_1_466' title='bbox 773 4272 944 4338; x_wconf 87' lang='lat' dir='ltr'>sublimibus,</span> <span class='ocrx_word' id='word_1_467' title='bbox 960 4269 1065 4340; x_wconf 75' lang='lat' dir='ltr'>magnis</span> <span class='ocrx_word' id='word_1_468' title='bbox 1101 4294 1106 4303; x_wconf 93' lang='lat'><em>·</em></span> 
     </span>
    </p>
   </div>
   <div class='ocr_carea' id='block_1_11' title="bbox 268 4362 1067 5557">
    <p class='ocr_par' dir='ltr' id='par_1_11' title="bbox 268 4362 1067 5557">
     <span class='ocr_line' id='line_1_43' title="bbox 268 4362 1065 4451; baseline -0.028 -13"><span class='ocrx_word' id='word_1_469' title='bbox 268 4379 425 4451; x_wconf 85' lang='lat' dir='ltr'>arcanisque</span> <span class='ocrx_word' id='word_1_470' title='bbox 440 4376 546 4450; x_wconf 90' lang='lat' dir='ltr'>plenam</span> <span class='ocrx_word' id='word_1_471' title='bbox 561 4372 747 4447; x_wconf 73' lang='lat' dir='ltr'>dogmatibus,</span> <span class='ocrx_word' id='word_1_472' title='bbox 762 4366 833 4439; x_wconf 88' lang='lat' dir='ltr'>quod</span> <span class='ocrx_word' id='word_1_473' title='bbox 850 4380 904 4421; x_wconf 91' lang='lat' dir='ltr'>non</span> <span class='ocrx_word' id='word_1_474' title='bbox 919 4371 991 4421; x_wconf 88' lang='lat' dir='ltr'>esset</span> <span class='ocrx_word' id='word_1_475' title='bbox 1007 4362 1065 4433; x_wconf 87' lang='lat' dir='ltr'>ipse</span> 
     </span>
     <span class='ocr_line' id='line_1_44' title="bbox 269 4456 1066 4548; baseline -0.026 -15"><span class='ocrx_word' id='word_1_476' title='bbox 269 4476 366 4548; x_wconf 69' lang='lat' dir='ltr'>dignus</span> <span class='ocrx_word' id='word_1_477' title='bbox 378 4472 422 4545; x_wconf 93' lang='lat' dir='ltr'>qui</span> <span class='ocrx_word' id='word_1_478' title='bbox 436 4469 579 4543; x_wconf 76' lang='lat' dir='ltr'>corripiam</span> <span class='ocrx_word' id='word_1_479' title='bbox 590 4462 767 4523; x_wconf 73' lang='lat' dir='ltr'>calceamenti</span> <span class='ocrx_word' id='word_1_480' title='bbox 780 4461 839 4532; x_wconf 82' lang='lat' dir='ltr'>cjus</span> <span class='ocrx_word' id='word_1_481' title='bbox 850 4461 977 4515; x_wconf 82' lang='lat' dir='ltr'>solveret.</span> <span class='ocrx_word' id='word_1_482' title='bbox 993 4456 1066 4524; x_wconf 82' lang='lat' dir='ltr'>Quo·</span> 
     </span>
     <span class='ocr_line' id='line_1_45' title="bbox 269 4547 1066 4632; baseline -0.031 -5"><span class='ocrx_word' id='word_1_483' title='bbox 269 4567 350 4626; x_wconf 89' lang='lat' dir='ltr'>modo</span> <span class='ocrx_word' id='word_1_484' title='bbox 365 4575 454 4624; x_wconf 90' lang='lat' dir='ltr'>autern</span> <span class='ocrx_word' id='word_1_485' title='bbox 475 4562 502 4619; x_wconf 93' lang='lat' dir='ltr'>id</span> <span class='ocrx_word' id='word_1_486' title='bbox 514 4560 586 4632; x_wconf 75' lang='lat' dir='ltr'>apitl</span> <span class='ocrx_word' id='word_1_487' title='bbox 602 4558 650 4615; x_wconf 87' lang='lat' dir='ltr'>llis</span> <span class='ocrx_word' id='word_1_488' title='bbox 663 4570 762 4627; x_wconf 91' lang='lat' dir='ltr'>nempe</span> <span class='ocrx_word' id='word_1_489' title='bbox 775 4553 883 4609; x_wconf 84' lang='lat' dir='ltr'>uerbis:</span> <span class='ocrx_word' id='word_1_490' title='bbox 898 4550 961 4607; x_wconf 79' lang='lat' dir='ltr'>llos</span> <span class='ocrx_word' id='word_1_491' title='bbox 974 4551 1000 4605; x_wconf 90' lang='lat' dir='ltr'>in</span> <span class='ocrx_word' id='word_1_492' title='bbox 1015 4547 1066 4603; x_wconf 83' lang='lat' dir='ltr'>Be·</span> 
     </span>
     <span class='ocr_line' id='line_1_46' title="bbox 270 4641 1065 4732; baseline -0.028 -15"><span class='ocrx_word' id='word_1_493' title='bbox 270 4661 360 4717; x_wconf 81' lang='lat' dir='ltr'>tlrenie</span> <span class='ocrx_word' id='word_1_494' title='bbox 372 4664 440 4732; x_wconf 69' lang='lat' dir='ltr'>(ncta</span> <span class='ocrx_word' id='word_1_495' title='bbox 453 4664 525 4711; x_wconf 86' lang='lat' dir='ltr'>ruat.</span> <span class='ocrx_word' id='word_1_496' title='bbox 546 4650 718 4711; x_wconf 90' lang='lat' dir='ltr'>llccuratiora</span> <span class='ocrx_word' id='word_1_497' title='bbox 732 4655 825 4703; x_wconf 90' lang='lat' dir='ltr'>autem</span> <span class='ocrx_word' id='word_1_498' title='bbox 840 4643 1002 4715; x_wconf 84' lang='lat' dir='ltr'>exemplaria</span> <span class='ocrx_word' id='word_1_499' title='bbox 1015 4641 1065 4697; x_wconf 90' lang='lat' dir='ltr'>ba·</span> 
     </span>
     <span class='ocr_line' id='line_1_47' title="bbox 269 4739 1066 4819; baseline -0.025 -9"><span class='ocrx_word' id='word_1_500' title='bbox 269 4752 351 4819; x_wconf 92' lang='lat' dir='ltr'>bent,</span> <span class='ocrx_word' id='word_1_501' title='bbox 366 4749 401 4806; x_wconf 90' lang='lat' dir='ltr'>ln</span> <span class='ocrx_word' id='word_1_502' title='bbox 424 4747 579 4805; x_wconf 67' lang='lat' dir='ltr'>Balaberd.</span> <span class='ocrx_word' id='word_1_503' title='bbox 603 4742 670 4801; x_wconf 79' lang='lat' dir='ltr'>Num</span> <span class='ocrx_word' id='word_1_504' title='bbox 692 4739 823 4799; x_wconf 75' lang='grc' dir='ltr'>Βιιιιιιιιὶιι</span> <span class='ocrx_word' id='word_1_505' title='bbox 846 4752 898 4794; x_wconf 90' lang='lat' dir='ltr'>non</span> <span class='ocrx_word' id='word_1_506' title='bbox 922 4746 965 4792; x_wconf 89' lang='lat' dir='ltr'>est</span> <span class='ocrx_word' id='word_1_507' title='bbox 992 4743 1066 4791; x_wconf 90' lang='lat' dir='ltr'>trans</span> 
     </span>
     <span class='ocr_line' id='line_1_48' title="bbox 268 4828 1064 4913; baseline -0.025 -10"><span class='ocrx_word' id='word_1_508' title='bbox 268 4844 426 4911; x_wconf 86' lang='lat' dir='ltr'>lordanem,</span> <span class='ocrx_word' id='word_1_509' title='bbox 438 4854 526 4913; x_wconf 89' lang='lat' dir='ltr'>nequo</span> <span class='ocrx_word' id='word_1_510' title='bbox 538 4840 564 4895; x_wconf 92' lang='lat' dir='ltr'>in</span> <span class='ocrx_word' id='word_1_511' title='bbox 578 4838 697 4903; x_wconf 89' lang='lat' dir='ltr'>deserto,</span> <span class='ocrx_word' id='word_1_512' title='bbox 707 4835 754 4891; x_wconf 91' lang='lat' dir='ltr'>sed</span> <span class='ocrx_word' id='word_1_513' title='bbox 766 4848 848 4905; x_wconf 82' lang='lat' dir='ltr'>pruipe</span> <span class='ocrx_word' id='word_1_514' title='bbox 857 4828 1064 4901; x_wconf 83' lang='lat' dir='ltr'>lerosolymam.</span> 
     </span>
     <span class='ocr_line' id='line_1_49' title="bbox 270 4916 1065 4996; baseline -0.025 -2"><span class='ocrx_word' id='word_1_515' title='bbox 270 4916 340 4995; x_wconf 80' lang='lat' dir='ltr'>Loca</span> <span class='ocrx_word' id='word_1_516' title='bbox 366 4944 456 4991; x_wconf 85' lang='lat' dir='ltr'>nutem</span> <span class='ocrx_word' id='word_1_517' title='bbox 486 4932 537 4988; x_wconf 87' lang='lat' dir='ltr'>aliu</span> <span class='ocrx_word' id='word_1_518' title='bbox 561 4930 642 4987; x_wconf 85' lang='lat' dir='ltr'>etiam</span> <span class='ocrx_word' id='word_1_519' title='bbox 665 4926 700 4985; x_wconf 88' lang='lat' dir='ltr'>de</span> <span class='ocrx_word' id='word_1_520' title='bbox 731 4940 811 4983; x_wconf 88' lang='lat' dir='ltr'>causa</span> <span class='ocrx_word' id='word_1_521' title='bbox 833 4922 975 4996; x_wconf 76' lang='lat' dir='ltr'>signillcat.</span> <span class='ocrx_word' id='word_1_522' title='bbox 997 4920 1065 4976; x_wconf 86' lang='lat' dir='ltr'>Cum</span> 
     </span>
     <span class='ocr_line' id='line_1_50' title="bbox 269 5013 1066 5095; baseline -0.023 -7"><span class='ocrx_word' id='word_1_523' title='bbox 269 5030 343 5089; x_wconf 85' lang='lat' dir='ltr'>enim</span> <span class='ocrx_word' id='word_1_524' title='bbox 356 5041 466 5087; x_wconf 79' lang='lat' dir='ltr'>rosum</span> <span class='ocrx_word' id='word_1_525' title='bbox 479 5024 619 5095; x_wconf 83' lang='lat' dir='ltr'>antiquas,</span> <span class='ocrx_word' id='word_1_526' title='bbox 639 5020 688 5077; x_wconf 87' lang='lat' dir='ltr'>scd</span> <span class='ocrx_word' id='word_1_527' title='bbox 702 5036 763 5092; x_wconf 79' lang='lat' dir='ltr'>qum</span> <span class='ocrx_word' id='word_1_528' title='bbox 778 5019 856 5090; x_wconf 85' lang='lat' dir='ltr'>paulo</span> <span class='ocrx_word' id='word_1_529' title='bbox 869 5023 931 5072; x_wconf 88' lang='lat' dir='ltr'>ante</span> <span class='ocrx_word' id='word_1_530' title='bbox 945 5013 1066 5085; x_wconf 77' lang='lat' dir='ltr'>centipe-</span> 
     </span>
     <span class='ocr_line' id='line_1_51' title="bbox 269 5105 1067 5190; baseline -0.024 -10"><span class='ocrx_word' id='word_1_531' title='bbox 269 5130 350 5190; x_wconf 89' lang='lat' dir='ltr'>rant,</span> <span class='ocrx_word' id='word_1_532' title='bbox 364 5127 521 5178; x_wconf 87' lang='lat' dir='ltr'>narraturus</span> <span class='ocrx_word' id='word_1_533' title='bbox 535 5123 626 5182; x_wconf 90' lang='lat' dir='ltr'>esset,</span> <span class='ocrx_word' id='word_1_534' title='bbox 640 5113 702 5169; x_wconf 91' lang='lat' dir='ltr'>illos</span> <span class='ocrx_word' id='word_1_535' title='bbox 715 5112 760 5184; x_wconf 93' lang='lat' dir='ltr'>qui</span> <span class='ocrx_word' id='word_1_536' title='bbox 775 5110 887 5167; x_wconf 88' lang='lat' dir='ltr'>aderant</span> <span class='ocrx_word' id='word_1_537' title='bbox 901 5116 929 5164; x_wconf 91' lang='lat' dir='ltr'>et</span> <span class='ocrx_word' id='word_1_538' title='bbox 943 5105 1067 5163; x_wconf 82' lang='lat' dir='ltr'>uiderant</span> 
     </span>
     <span class='ocr_line' id='line_1_52' title="bbox 269 5198 1066 5275; baseline -0.028 -2"><span class='ocrx_word' id='word_1_539' title='bbox 269 5215 401 5275; x_wconf 90' lang='lat' dir='ltr'>dictomm</span> <span class='ocrx_word' id='word_1_540' title='bbox 425 5216 509 5267; x_wconf 81' lang='lat' dir='ltr'>testes</span> <span class='ocrx_word' id='word_1_541' title='bbox 532 5203 664 5274; x_wconf 79' lang='lat' dir='ltr'>advocet,</span> <span class='ocrx_word' id='word_1_542' title='bbox 678 5216 766 5275; x_wconf 84' lang='lat' dir='ltr'>exque</span> <span class='ocrx_word' id='word_1_543' title='bbox 790 5200 857 5257; x_wconf 89' lang='lat' dir='ltr'>locis</span> <span class='ocrx_word' id='word_1_544' title='bbox 881 5198 1066 5256; x_wconf 88' lang='lat' dir='ltr'>testimoninm</span> 
     </span>
     <span class='ocr_line' id='line_1_53' title="bbox 270 5291 1065 5378; baseline -0.023 -13"><span class='ocrx_word' id='word_1_545' title='bbox 270 5306 377 5378; x_wconf 88' lang='lat' dir='ltr'>accipit.</span> <span class='ocrx_word' id='word_1_546' title='bbox 392 5298 547 5361; x_wconf 81' lang='lat' dir='ltr'>cumcuim</span> <span class='ocrx_word' id='word_1_547' title='bbox 570 5298 673 5355; x_wconf 82' lang='lat' dir='ltr'>rideret·</span> <span class='ocrx_word' id='word_1_548' title='bbox 689 5311 720 5354; x_wconf 92' lang='lat' dir='ltr'>se</span> <span class='ocrx_word' id='word_1_549' title='bbox 741 5293 806 5350; x_wconf 91' lang='lat' dir='ltr'>nibil</span> <span class='ocrx_word' id='word_1_550' title='bbox 821 5292 925 5349; x_wconf 83' lang='lat' dir='ltr'>ueritati</span> <span class='ocrx_word' id='word_1_551' title='bbox 948 5291 1065 5358; x_wconf 89' lang='lat' dir='ltr'>addere,</span> 
     </span>
     <span class='ocr_line' id='line_1_54' title="bbox 270 5389 1065 5471; baseline -0.024 -12"><span class='ocrx_word' id='word_1_552' title='bbox 270 5402 317 5461; x_wconf 90' lang='lat' dir='ltr'>sed</span> <span class='ocrx_word' id='word_1_553' title='bbox 329 5416 360 5458; x_wconf 87' lang='lat' dir='ltr'>ea</span> <span class='ocrx_word' id='word_1_554' title='bbox 373 5412 433 5471; x_wconf 76' lang='lat' dir='ltr'>que</span> <span class='ocrx_word' id='word_1_555' title='bbox 444 5402 518 5467; x_wconf 75' lang='lat' dir='ltr'>gean</span> <span class='ocrx_word' id='word_1_556' title='bbox 532 5392 638 5451; x_wconf 86' lang='lat' dir='ltr'>lucrant</span> <span class='ocrx_word' id='word_1_557' title='bbox 647 5406 711 5449; x_wconf 85' lang='lat' dir='ltr'>nere</span> <span class='ocrx_word' id='word_1_558' title='bbox 720 5396 749 5447; x_wconf 90' lang='lat' dir='ltr'>ot</span> <span class='ocrx_word' id='word_1_559' title='bbox 762 5389 917 5460; x_wconf 88' lang='lat' dir='ltr'>simpliciter</span> <span class='ocrx_word' id='word_1_560' title='bbox 927 5398 1065 5451; x_wconf 78' lang='lat' dir='ltr'>enarrare,</span> 
     </span>
     <span class='ocr_line' id='line_1_55' title="bbox 270 5476 1065 5557; baseline -0.025 -5"><span class='ocrx_word' id='word_1_561' title='bbox 270 5512 285 5551; x_wconf 93' lang='lat' dir='ltr'>a</span> <span class='ocrx_word' id='word_1_562' title='bbox 298 5494 359 5551; x_wconf 90' lang='lat' dir='ltr'>loco</span> <span class='ocrx_word' id='word_1_563' title='bbox 373 5486 557 5547; x_wconf 85' lang='lat' dir='ltr'>testimonium</span> <span class='ocrx_word' id='word_1_564' title='bbox 579 5484 693 5557; x_wconf 86' lang='lat' dir='ltr'>accipit,</span> <span class='ocrx_word' id='word_1_565' title='bbox 709 5498 770 5555; x_wconf 82' lang='lat' dir='ltr'>qurc</span> <span class='ocrx_word' id='word_1_566' title='bbox 784 5497 837 5539; x_wconf 89' lang='lat' dir='ltr'>non</span> <span class='ocrx_word' id='word_1_567' title='bbox 859 5480 937 5547; x_wconf 86' lang='lat' dir='ltr'>leuis,</span> <span class='ocrx_word' id='word_1_568' title='bbox 951 5486 981 5535; x_wconf 90' lang='lat' dir='ltr'>ut</span> <span class='ocrx_word' id='word_1_569' title='bbox 993 5476 1065 5544; x_wconf 84' lang='lat' dir='ltr'>dixi,</span> 
     </span>
    </p>
   </div>
   <div class='ocr_carea' id='block_1_12' title="bbox 492 5651 1066 5713">
    <p class='ocr_par' dir='ltr' id='par_1_12' title="bbox 492 5651 1066 5713">
     <span class='ocr_line' id='line_1_56' title="bbox 492 5651 1066 5713; baseline -0.019 -2"><span class='ocrx_word' id='word_1_570' title='bbox 492 5667 520 5713; x_wconf 93' lang='lat' dir='ltr'>nt</span> <span class='ocrx_word' id='word_1_571' title='bbox 555 5658 581 5711; x_wconf 86' lang='lat' dir='ltr'>ia</span> <span class='ocrx_word' id='word_1_572' title='bbox 605 5657 762 5712; x_wconf 65' lang='lat' dir='ltr'>cumburc:</span> <span class='ocrx_word' id='word_1_573' title='bbox 782 5657 818 5709; x_wconf 89' lang='lat' dir='ltr'>sic</span> <span class='ocrx_word' id='word_1_574' title='bbox 832 5656 857 5706; x_wconf 91' lang='lat' dir='ltr'>in</span> <span class='ocrx_word' id='word_1_575' title='bbox 873 5651 1066 5705; x_wconf 70' lang='lat' dir='ltr'>accuratioribus</span> 
     </span>
    </p>
   </div>
   <div class='ocr_carea' id='block_1_13' title="bbox 302 5660 1066 5788">
    <p class='ocr_par' dir='ltr' id='par_1_13' title="bbox 302 5660 1066 5788">
     <span class='ocr_line' id='line_1_57' title="bbox 302 5660 1004 5731; baseline -0.027 -13"><span class='ocrx_word' id='word_1_576' title='bbox 302 5668 312 5700; x_wconf 89' lang='lat'>¹</span> <span class='ocrx_word' id='word_1_577' title='bbox 329 5662 411 5731; x_wconf 75' lang='lat' dir='ltr'>dllqni</span> <span class='ocrx_word' id='word_1_578' title='bbox 431 5660 440 5712; x_wconf 95' lang='lat' dir='ltr'>l</span> <span class='ocrx_word' id='word_1_579' title='bbox 529 5696 538 5722; x_wconf 95' lang='lat'>,</span> <span class='ocrx_word' id='word_1_580' title='bbox 998 5715 1004 5725; x_wconf 31' lang='grc' dir='ltr'>ι</span> 
     </span>
     <span class='ocr_line' id='line_1_58' title="bbox 479 5712 1066 5788; baseline -0.024 -12"><span class='ocrx_word' id='word_1_581' title='bbox 479 5725 571 5788; x_wconf 70' lang='lat' dir='ltr'>egitur,</span> <span class='ocrx_word' id='word_1_582' title='bbox 581 5724 660 5788; x_wconf 88' lang='lat' dir='ltr'>inquit</span> <span class='ocrx_word' id='word_1_583' title='bbox 676 5720 738 5772; x_wconf 88' lang='lat' dir='ltr'>inira</span> <span class='ocrx_word' id='word_1_584' title='bbox 754 5718 951 5783; x_wconf 78' lang='lat' dir='ltr'>Cirrysostnmus,</span> <span class='ocrx_word' id='word_1_585' title='bbox 963 5728 1004 5779; x_wconf 91' lang='lat' dir='ltr'>qm</span> <span class='ocrx_word' id='word_1_586' title='bbox 1022 5712 1066 5763; x_wconf 78' lang='lat' dir='ltr'>sd·</span> 
     </span>
    </p>
   </div>
   <div class='ocr_carea' id='block_1_14' title="bbox 269 5726 1065 6037">
    <p class='ocr_par' dir='ltr' id='par_1_14' title="bbox 269 5726 1065 6037">
     <span class='ocr_line' id='line_1_59' title="bbox 269 5726 1065 5851; baseline -0.023 -9"><span class='ocrx_word' id='word_1_587' title='bbox 269 5726 462 5844; x_wconf 43' lang='lat' dir='ltr'>diiebnefflpelnsr</span> <span class='ocrx_word' id='word_1_588' title='bbox 477 5799 527 5838; x_wconf 89' lang='lat' dir='ltr'>non</span> <span class='ocrx_word' id='word_1_589' title='bbox 544 5795 612 5839; x_wconf 77' lang='lat' dir='ltr'>usus</span> <span class='ocrx_word' id='word_1_590' title='bbox 626 5782 757 5835; x_wconf 79' lang='lat' dir='ltr'>iordanem</span> <span class='ocrx_word' id='word_1_591' title='bbox 774 5794 850 5840; x_wconf 83' lang='lat' dir='ltr'>csse,</span> <span class='ocrx_word' id='word_1_592' title='bbox 865 5777 910 5851; x_wconf 81' lang='lat' dir='ltr'>sed</span> <span class='ocrx_word' id='word_1_593' title='bbox 926 5788 1003 5841; x_wconf 88' lang='lat' dir='ltr'>prope</span> <span class='ocrx_word' id='word_1_594' title='bbox 1023 5782 1065 5825; x_wconf 71' lang='lat' dir='ltr'>te=</span> 
     </span>
     <span class='ocr_line' id='line_1_60' title="bbox 269 5840 1065 5927; baseline -0.025 -21"><span class='ocrx_word' id='word_1_595' title='bbox 269 5852 425 5927; x_wconf 53' lang='lat' dir='ltr'>monimum,</span> <span class='ocrx_word' id='word_1_596' title='bbox 446 5848 546 5911; x_wconf 85' lang='lat' dir='ltr'>Quidam</span> <span class='ocrx_word' id='word_1_597' title='bbox 563 5854 649 5913; x_wconf 83' lang='lat' dir='ltr'>putant</span> <span class='ocrx_word' id='word_1_598' title='bbox 664 5847 736 5896; x_wconf 89' lang='lat' dir='ltr'>aliam</span> <span class='ocrx_word' id='word_1_599' title='bbox 757 5844 798 5893; x_wconf 86' lang='lat' dir='ltr'>bie</span> <span class='ocrx_word' id='word_1_600' title='bbox 813 5840 952 5892; x_wconf 73' lang='lat' dir='ltr'>bethaniam</span> <span class='ocrx_word' id='word_1_601' title='bbox 971 5848 1065 5888; x_wconf 91' lang='lat' dir='ltr'>memo-</span> 
     </span>
     <span class='ocr_line' id='line_1_61' title="bbox 269 5910 867 6037; baseline -0.028 -7"><span class='ocrx_word' id='word_1_602' title='bbox 269 5910 702 6037; x_wconf 44' lang='lat' dir='ltr'>”ff&#39;ffl&#39;udi&#39;uii‘iarffurffeffii&#39;fffiesu</span> <span class='ocrx_word' id='word_1_603' title='bbox 715 5968 738 6019; x_wconf 90' lang='lat' dir='ltr'>in</span> <span class='ocrx_word' id='word_1_604' title='bbox 751 5964 867 6030; x_wconf 83' lang='lat' dir='ltr'>plurirnis.</span> 
     </span>
    </p>
   </div>
   <div class='ocr_carea' id='block_1_15' title="bbox 1114 2885 1916 6021">
    <p class='ocr_par' dir='ltr' id='par_1_15' title="bbox 1114 2885 1916 6021">
     <span class='ocr_line' id='line_1_62' title="bbox 1114 2885 1911 2957; baseline 0.003 -16"><span class='ocrx_word' id='word_1_605' title='bbox 1114 2893 1165 2941; x_wconf 73' lang='lat' dir='ltr'>stre</span> <span class='ocrx_word' id='word_1_606' title='bbox 1181 2885 1287 2942; x_wconf 85' lang='lat' dir='ltr'>uincula</span> <span class='ocrx_word' id='word_1_607' title='bbox 1307 2896 1506 2957; x_wconf 83' lang='lat' dir='ltr'>praecesserunt</span> <span class='ocrx_word' id='word_1_608' title='bbox 1529 2885 1650 2944; x_wconf 84' lang='lat' dir='ltr'>breviter</span> <span class='ocrx_word' id='word_1_609' title='bbox 1660 2897 1862 2957; x_wconf 88' lang='lat' dir='ltr'>transcurrens,</span> <span class='ocrx_word' id='word_1_610' title='bbox 1876 2888 1911 2944; x_wconf 87' lang='lat' dir='ltr'>ad</span> 
     </span>
     <span class='ocr_line' id='line_1_63' title="bbox 1117 2978 1910 3054; baseline 0.004 -18"><span class='ocrx_word' id='word_1_611' title='bbox 1117 2979 1257 3050; x_wconf 87' lang='lat' dir='ltr'>sequentia</span> <span class='ocrx_word' id='word_1_612' title='bbox 1272 2989 1419 3052; x_wconf 88' lang='lat' dir='ltr'>properat;</span> <span class='ocrx_word' id='word_1_613' title='bbox 1438 2978 1558 3038; x_wconf 79' lang='lat' dir='ltr'>loannes</span> <span class='ocrx_word' id='word_1_614' title='bbox 1571 2989 1662 3038; x_wconf 89' lang='lat' dir='ltr'>autem</span> <span class='ocrx_word' id='word_1_615' title='bbox 1677 2981 1841 3054; x_wconf 67' lang='lat' dir='ltr'>euangelista</span> <span class='ocrx_word' id='word_1_616' title='bbox 1855 2997 1910 3039; x_wconf 89' lang='lat' dir='ltr'>non</span> 
     </span>
     <span class='ocr_line' id='line_1_64' title="bbox 1117 3071 1911 3145; baseline 0.005 -18"><span class='ocrx_word' id='word_1_617' title='bbox 1117 3071 1198 3128; x_wconf 83' lang='lat' dir='ltr'>niodo</span> <span class='ocrx_word' id='word_1_618' title='bbox 1219 3071 1279 3129; x_wconf 75' lang='lat' dir='ltr'>bace</span> <span class='ocrx_word' id='word_1_619' title='bbox 1303 3087 1356 3128; x_wconf 91' lang='lat' dir='ltr'>non</span> <span class='ocrx_word' id='word_1_620' title='bbox 1380 3072 1498 3130; x_wconf 85' lang='lat' dir='ltr'>breuiter</span> <span class='ocrx_word' id='word_1_621' title='bbox 1522 3074 1721 3145; x_wconf 76' lang='lat' dir='ltr'>praetercurrit,</span> <span class='ocrx_word' id='word_1_622' title='bbox 1743 3075 1790 3131; x_wconf 91' lang='lat' dir='ltr'>sed</span> <span class='ocrx_word' id='word_1_623' title='bbox 1817 3075 1844 3130; x_wconf 91' lang='lat' dir='ltr'>in</span> <span class='ocrx_word' id='word_1_624' title='bbox 1869 3073 1911 3131; x_wconf 83' lang='lat' dir='ltr'>liis</span> 
     </span>
     <span class='ocr_line' id='line_1_65' title="bbox 1117 3165 1912 3241; baseline 0.004 -19"><span class='ocrx_word' id='word_1_625' title='bbox 1117 3165 1232 3223; x_wconf 83' lang='lat' dir='ltr'>maxime</span> <span class='ocrx_word' id='word_1_626' title='bbox 1247 3165 1416 3224; x_wconf 85' lang='lat' dir='ltr'>inimoretur.</span> <span class='ocrx_word' id='word_1_627' title='bbox 1429 3167 1487 3235; x_wconf 93' lang='lat' dir='ltr'>llle,</span> <span class='ocrx_word' id='word_1_628' title='bbox 1503 3177 1644 3241; x_wconf 88' lang='lat' dir='ltr'>postquam</span> <span class='ocrx_word' id='word_1_629' title='bbox 1656 3168 1730 3225; x_wconf 82' lang='lat' dir='ltr'>venit</span> <span class='ocrx_word' id='word_1_630' title='bbox 1741 3167 1821 3225; x_wconf 89' lang='lat' dir='ltr'>lesus</span> <span class='ocrx_word' id='word_1_631' title='bbox 1834 3182 1850 3224; x_wconf 92' lang='lat' dir='ltr'>e</span> <span class='ocrx_word' id='word_1_632' title='bbox 1862 3166 1912 3225; x_wconf 89' lang='lat' dir='ltr'>de·</span> 
     </span>
     <span class='ocr_line' id='line_1_66' title="bbox 1114 3260 1912 3335; baseline 0.004 -18"><span class='ocrx_word' id='word_1_633' title='bbox 1114 3273 1198 3329; x_wconf 87' lang='lat' dir='ltr'>serto,</span> <span class='ocrx_word' id='word_1_634' title='bbox 1212 3260 1380 3319; x_wconf 89' lang='lat' dir='ltr'>intermediis</span> <span class='ocrx_word' id='word_1_635' title='bbox 1388 3261 1513 3329; x_wconf 88' lang='lat' dir='ltr'>omissis;</span> <span class='ocrx_word' id='word_1_636' title='bbox 1524 3262 1599 3319; x_wconf 81' lang='lat' dir='ltr'>serbi</span> <span class='ocrx_word' id='word_1_637' title='bbox 1613 3263 1712 3335; x_wconf 76' lang='lat' dir='ltr'>qratia,</span> <span class='ocrx_word' id='word_1_638' title='bbox 1724 3278 1783 3332; x_wconf 77' lang='lat' dir='ltr'>qnae</span> <span class='ocrx_word' id='word_1_639' title='bbox 1794 3260 1912 3320; x_wconf 77' lang='lat' dir='ltr'>tuaene·</span> 
     </span>
     <span class='ocr_line' id='line_1_67' title="bbox 1114 3353 1911 3429; baseline 0 -19"><span class='ocrx_word' id='word_1_640' title='bbox 1114 3355 1240 3426; x_wconf 88' lang='lat' dir='ltr'>loquutus</span> <span class='ocrx_word' id='word_1_641' title='bbox 1252 3364 1310 3421; x_wconf 90' lang='lat' dir='ltr'>est,</span> <span class='ocrx_word' id='word_1_642' title='bbox 1323 3370 1384 3429; x_wconf 71' lang='lat' dir='ltr'>quae</span> <span class='ocrx_word' id='word_1_643' title='bbox 1408 3354 1546 3412; x_wconf 89' lang='lat' dir='ltr'>mittentes</span> <span class='ocrx_word' id='word_1_644' title='bbox 1566 3353 1653 3411; x_wconf 76' lang='lat' dir='ltr'>ludcei</span> <span class='ocrx_word' id='word_1_645' title='bbox 1674 3355 1814 3419; x_wconf 69' lang='lat' dir='ltr'>disemum</span> <span class='ocrx_word' id='word_1_646' title='bbox 1828 3363 1911 3410; x_wconf 81' lang='lat' dir='ltr'>caete·</span> 
     </span>
     <span class='ocr_line' id='line_1_68' title="bbox 1115 3446 1907 3519; baseline -0.003 -16"><span class='ocrx_word' id='word_1_647' title='bbox 1115 3448 1207 3519; x_wconf 87' lang='lat' dir='ltr'>risque</span> <span class='ocrx_word' id='word_1_648' title='bbox 1221 3447 1311 3504; x_wconf 88' lang='lat' dir='ltr'>missis</span> <span class='ocrx_word' id='word_1_649' title='bbox 1323 3446 1460 3515; x_wconf 90' lang='lat' dir='ltr'>omnibus,</span> <span class='ocrx_word' id='word_1_650' title='bbox 1475 3447 1566 3504; x_wconf 89' lang='lat' dir='ltr'>statim</span> <span class='ocrx_word' id='word_1_651' title='bbox 1580 3446 1688 3505; x_wconf 88' lang='lat' dir='ltr'>transiit</span> <span class='ocrx_word' id='word_1_652' title='bbox 1699 3448 1733 3505; x_wconf 89' lang='lat' dir='ltr'>ad</span> <span class='ocrx_word' id='word_1_653' title='bbox 1749 3462 1907 3505; x_wconf 82' lang='lat' dir='ltr'>carcerem:</span> 
     </span>
     <span class='ocr_line' id='line_1_69' title="bbox 1115 3536 1914 3611; baseline 0.001 -17"><span class='ocrx_word' id='word_1_654' title='bbox 1115 3536 1180 3594; x_wconf 82' lang='lat' dir='ltr'>Gom</span> <span class='ocrx_word' id='word_1_655' title='bbox 1213 3538 1344 3605; x_wconf 73' lang='grc' dir='ltr'>ιιιάὲιιιι,</span> <span class='ocrx_word' id='word_1_656' title='bbox 1371 3538 1474 3611; x_wconf 87' lang='lat' dir='ltr'>inquit,</span> <span class='ocrx_word' id='word_1_657' title='bbox 1493 3538 1587 3605; x_wconf 79' lang='lat' dir='ltr'>lerna,</span> <span class='ocrx_word' id='word_1_658' title='bbox 1609 3537 1683 3610; x_wconf 91' lang='lat' dir='ltr'>qnod</span> <span class='ocrx_word' id='word_1_659' title='bbox 1703 3537 1817 3594; x_wconf 85' lang='lat' dir='ltr'>traditus</span> <span class='ocrx_word' id='word_1_660' title='bbox 1841 3545 1914 3595; x_wconf 80' lang='lat' dir='ltr'>essct</span> 
     </span>
     <span class='ocr_line' id='line_1_70' title="bbox 1115 3628 1913 3705; baseline 0 -16"><span class='ocrx_word' id='word_1_661' title='bbox 1115 3631 1357 3695; x_wconf 67' lang='lat' dir='ltr'>dommuccensis</span> <span class='ocrx_word' id='word_1_662' title='bbox 1370 3631 1452 3705; x_wconf 81' lang='lat' dir='ltr'>iude(</span> <span class='ocrx_word' id='word_1_663' title='bbox 1465 3630 1561 3688; x_wconf 78' lang='lat' dir='ltr'>ldattb.</span> <span class='ocrx_word' id='word_1_664' title='bbox 1578 3631 1622 3688; x_wconf 89' lang='lat' dir='ltr'>tt.</span> <span class='ocrx_word' id='word_1_665' title='bbox 1640 3631 1703 3700; x_wconf 74' lang='lat' dir='ltr'>lb).</span> <span class='ocrx_word' id='word_1_666' title='bbox 1718 3628 1837 3689; x_wconf 88' lang='lat' dir='ltr'>loannes</span> <span class='ocrx_word' id='word_1_667' title='bbox 1848 3638 1913 3689; x_wconf 83' lang='lat' dir='ltr'>vero</span> 
     </span>
     <span class='ocr_line' id='line_1_71' title="bbox 1117 3723 1914 3797; baseline 0 -14"><span class='ocrx_word' id='word_1_668' title='bbox 1117 3742 1170 3783; x_wconf 82' lang='lat' dir='ltr'>noar</span> <span class='ocrx_word' id='word_1_669' title='bbox 1184 3726 1240 3792; x_wconf 89' lang='lat' dir='ltr'>sic,</span> <span class='ocrx_word' id='word_1_670' title='bbox 1254 3723 1302 3782; x_wconf 90' lang='lat' dir='ltr'>sed</span> <span class='ocrx_word' id='word_1_671' title='bbox 1316 3724 1508 3797; x_wconf 87' lang='lat' dir='ltr'>proiectionem</span> <span class='ocrx_word' id='word_1_672' title='bbox 1522 3725 1550 3782; x_wconf 90' lang='lat' dir='ltr'>in</span> <span class='ocrx_word' id='word_1_673' title='bbox 1562 3724 1699 3783; x_wconf 89' lang='lat' dir='ltr'>desertum</span> <span class='ocrx_word' id='word_1_674' title='bbox 1713 3726 1805 3793; x_wconf 86' lang='lat' dir='ltr'>tacrrit,</span> <span class='ocrx_word' id='word_1_675' title='bbox 1819 3736 1914 3797; x_wconf 85' lang='lat' dir='ltr'>utpote</span> 
     </span>
     <span class='ocr_line' id='line_1_72' title="bbox 1116 3817 1911 3890; baseline 0.004 -17"><span class='ocrx_word' id='word_1_676' title='bbox 1116 3817 1268 3875; x_wconf 74' lang='lat' dir='ltr'>allettlraeo</span> <span class='ocrx_word' id='word_1_677' title='bbox 1289 3825 1434 3885; x_wconf 88' lang='lat' dir='ltr'>narratam;</span> <span class='ocrx_word' id='word_1_678' title='bbox 1448 3832 1481 3873; x_wconf 87' lang='lat' dir='ltr'>ea</span> <span class='ocrx_word' id='word_1_679' title='bbox 1501 3831 1565 3874; x_wconf 83' lang='lat' dir='ltr'>uero</span> <span class='ocrx_word' id='word_1_680' title='bbox 1586 3832 1647 3889; x_wconf 82' lang='lat' dir='ltr'>qnae</span> <span class='ocrx_word' id='word_1_681' title='bbox 1668 3825 1731 3890; x_wconf 89' lang='lat' dir='ltr'>pust</span> <span class='ocrx_word' id='word_1_682' title='bbox 1752 3818 1911 3876; x_wconf 81' lang='lat' dir='ltr'>descensum</span> 
     </span>
     <span class='ocr_line' id='line_1_73' title="bbox 1116 3910 1914 3982; baseline 0.003 -17"><span class='ocrx_word' id='word_1_683' title='bbox 1116 3925 1150 3965; x_wconf 80' lang='lat' dir='ltr'>es</span> <span class='ocrx_word' id='word_1_684' title='bbox 1170 3918 1349 3981; x_wconf 74' lang='lat' dir='ltr'>montepesta</span> <span class='ocrx_word' id='word_1_685' title='bbox 1372 3919 1436 3966; x_wconf 86' lang='lat' dir='ltr'>sorrt</span> <span class='ocrx_word' id='word_1_686' title='bbox 1455 3910 1590 3976; x_wconf 83' lang='lat' dir='ltr'>rrarrauit,</span> <span class='ocrx_word' id='word_1_687' title='bbox 1603 3920 1631 3965; x_wconf 91' lang='lat' dir='ltr'>et</span> <span class='ocrx_word' id='word_1_688' title='bbox 1652 3910 1737 3966; x_wconf 90' lang='lat' dir='ltr'>multa</span> <span class='ocrx_word' id='word_1_689' title='bbox 1751 3919 1914 3982; x_wconf 67' lang='lat' dir='ltr'>prsetercur·</span> 
     </span>
     <span class='ocr_line' id='line_1_74' title="bbox 1117 4000 1914 4075; baseline -0.005 -14"><span class='ocrx_word' id='word_1_690' title='bbox 1117 4018 1180 4061; x_wconf 83' lang='lat' dir='ltr'>rcns</span> <span class='ocrx_word' id='word_1_691' title='bbox 1191 4003 1304 4075; x_wconf 77' lang='lat' dir='ltr'>adiicit:</span> <span class='ocrx_word' id='word_1_692' title='bbox 1320 4000 1444 4059; x_wconf 86' lang='lat' dir='ltr'>llorrrlum</span> <span class='ocrx_word' id='word_1_693' title='bbox 1457 4003 1524 4059; x_wconf 84' lang='lat' dir='ltr'>euim</span> <span class='ocrx_word' id='word_1_694' title='bbox 1539 4004 1633 4059; x_wconf 83' lang='lat' dir='ltr'>missor</span> <span class='ocrx_word' id='word_1_695' title='bbox 1654 4005 1737 4075; x_wconf 64' lang='lat' dir='ltr'>{nnat</span> <span class='ocrx_word' id='word_1_696' title='bbox 1758 4002 1873 4061; x_wconf 71' lang='lat' dir='ltr'>destinet</span> <span class='ocrx_word' id='word_1_697' title='bbox 1886 4004 1914 4057; x_wconf 85' lang='lat' dir='ltr'>ira</span> 
     </span>
     <span class='ocr_line' id='line_1_75' title="bbox 1116 4095 1914 4170; baseline 0.003 -17"><span class='ocrx_word' id='word_1_698' title='bbox 1116 4113 1244 4153; x_wconf 81' lang='lat' dir='ltr'>carcerem</span> <span class='ocrx_word' id='word_1_699' title='bbox 1257 4095 1348 4167; x_wconf 79' lang='lat' dir='ltr'>(loen.</span> <span class='ocrx_word' id='word_1_700' title='bbox 1369 4096 1397 4153; x_wconf 83' lang='lat' dir='ltr'>tt.</span> <span class='ocrx_word' id='word_1_701' title='bbox 1410 4096 1468 4170; x_wconf 59' lang='lat' dir='ltr'>dl).</span> <span class='ocrx_word' id='word_1_702' title='bbox 1482 4096 1516 4153; x_wconf 83' lang='lat' dir='ltr'>tn</span> <span class='ocrx_word' id='word_1_703' title='bbox 1529 4112 1596 4166; x_wconf 91' lang='lat' dir='ltr'>cur,</span> <span class='ocrx_word' id='word_1_704' title='bbox 1611 4096 1735 4168; x_wconf 82' lang='lat' dir='ltr'>inquies,</span> <span class='ocrx_word' id='word_1_705' title='bbox 1751 4112 1824 4154; x_wconf 93' lang='lat' dir='ltr'>nunc</span> <span class='ocrx_word' id='word_1_706' title='bbox 1833 4097 1914 4155; x_wconf 77' lang='lat' dir='ltr'>lesus</span> 
     </span>
     <span class='ocr_line' id='line_1_76' title="bbox 1117 4186 1915 4257; baseline 0.004 -15"><span class='ocrx_word' id='word_1_707' title='bbox 1117 4188 1192 4244; x_wconf 85' lang='lat' dir='ltr'>uenit</span> <span class='ocrx_word' id='word_1_708' title='bbox 1204 4187 1238 4243; x_wconf 92' lang='lat' dir='ltr'>ad</span> <span class='ocrx_word' id='word_1_709' title='bbox 1248 4186 1441 4245; x_wconf 84' lang='lat' dir='ltr'>loannemnon</span> <span class='ocrx_word' id='word_1_710' title='bbox 1452 4188 1547 4257; x_wconf 86' lang='lat' dir='ltr'>semel,</span> <span class='ocrx_word' id='word_1_711' title='bbox 1560 4188 1608 4245; x_wconf 86' lang='lat' dir='ltr'>scd</span> <span class='ocrx_word' id='word_1_712' title='bbox 1623 4188 1681 4246; x_wconf 78' lang='lat' dir='ltr'>bis?</span> <span class='ocrx_word' id='word_1_713' title='bbox 1694 4188 1761 4247; x_wconf 85' lang='lat' dir='ltr'>Nam</span> <span class='ocrx_word' id='word_1_714' title='bbox 1773 4189 1915 4246; x_wconf 84' lang='lat' dir='ltr'>llattlncus</span> 
     </span>
     <span class='ocr_line' id='line_1_77' title="bbox 1116 4280 1913 4354; baseline 0 -15"><span class='ocrx_word' id='word_1_715' title='bbox 1116 4282 1226 4354; x_wconf 91' lang='lat' dir='ltr'>quidem</span> <span class='ocrx_word' id='word_1_716' title='bbox 1240 4282 1395 4339; x_wconf 85' lang='lat' dir='ltr'>necessario</span> <span class='ocrx_word' id='word_1_717' title='bbox 1415 4281 1490 4339; x_wconf 90' lang='lat' dir='ltr'>illum</span> <span class='ocrx_word' id='word_1_718' title='bbox 1508 4281 1543 4341; x_wconf 87' lang='lat' dir='ltr'>ad</span> <span class='ocrx_word' id='word_1_719' title='bbox 1565 4280 1697 4353; x_wconf 84' lang='lat' dir='ltr'>baptisma</span> <span class='ocrx_word' id='word_1_720' title='bbox 1713 4282 1819 4339; x_wconf 79' lang='lat' dir='ltr'>uertisse</span> <span class='ocrx_word' id='word_1_721' title='bbox 1832 4282 1913 4349; x_wconf 67' lang='lat' dir='ltr'>dicim</span> 
     </span>
     <span class='ocr_line' id='line_1_78' title="bbox 1118 4375 1912 4450; baseline 0 -17"><span class='ocrx_word' id='word_1_722' title='bbox 1118 4376 1144 4434; x_wconf 88' lang='lat' dir='ltr'>id</span> <span class='ocrx_word' id='word_1_723' title='bbox 1154 4377 1225 4450; x_wconf 90' lang='lat' dir='ltr'>quod</span> <span class='ocrx_word' id='word_1_724' title='bbox 1238 4376 1383 4435; x_wconf 85' lang='lat' dir='ltr'>osterrdcns</span> <span class='ocrx_word' id='word_1_725' title='bbox 1394 4376 1474 4433; x_wconf 76' lang='lat' dir='ltr'>teras</span> <span class='ocrx_word' id='word_1_726' title='bbox 1484 4375 1592 4446; x_wconf 84' lang='lat' dir='ltr'>adjicit:</span> <span class='ocrx_word' id='word_1_727' title='bbox 1605 4375 1650 4433; x_wconf 82' lang='lat' dir='ltr'>Sic</span> <span class='ocrx_word' id='word_1_728' title='bbox 1663 4375 1734 4431; x_wconf 70' lang='lat' dir='ltr'>tieem</span> <span class='ocrx_word' id='word_1_729' title='bbox 1746 4392 1793 4431; x_wconf 81' lang='lat' dir='ltr'>uos</span> <span class='ocrx_word' id='word_1_730' title='bbox 1804 4375 1912 4447; x_wconf 82' lang='lat' dir='ltr'>insplere</span> 
     </span>
     <span class='ocr_line' id='line_1_79' title="bbox 1118 4468 1914 4543; baseline 0 -16"><span class='ocrx_word' id='word_1_731' title='bbox 1118 4488 1217 4527; x_wconf 80' lang='lat' dir='ltr'>arranem</span> <span class='ocrx_word' id='word_1_732' title='bbox 1226 4471 1356 4543; x_wconf 75' lang='lat' dir='ltr'>justitiam</span> <span class='ocrx_word' id='word_1_733' title='bbox 1370 4469 1478 4542; x_wconf 82' lang='lat' dir='ltr'>(llsttlr.</span> <span class='ocrx_word' id='word_1_734' title='bbox 1488 4471 1515 4527; x_wconf 72' lang='grc' dir='ltr'>ὅ.</span> <span class='ocrx_word' id='word_1_735' title='bbox 1526 4470 1560 4527; x_wconf 77' lang='lat' dir='ltr'>lt</span> <span class='ocrx_word' id='word_1_736' title='bbox 1575 4469 1596 4542; x_wconf 90' lang='grc'>).</span> <span class='ocrx_word' id='word_1_737' title='bbox 1606 4469 1724 4528; x_wconf 85' lang='lat' dir='ltr'>loannes</span> <span class='ocrx_word' id='word_1_738' title='bbox 1737 4484 1802 4526; x_wconf 88' lang='lat' dir='ltr'>rere</span> <span class='ocrx_word' id='word_1_739' title='bbox 1816 4468 1914 4527; x_wconf 88' lang='lat' dir='ltr'>iterum</span> 
     </span>
     <span class='ocr_line' id='line_1_80' title="bbox 1118 4561 1915 4635; baseline 0.001 -17"><span class='ocrx_word' id='word_1_740' title='bbox 1118 4563 1307 4622; x_wconf 82' lang='lat' dir='ltr'>senisseillum</span> <span class='ocrx_word' id='word_1_741' title='bbox 1317 4562 1385 4620; x_wconf 89' lang='lat' dir='ltr'>dicit</span> <span class='ocrx_word' id='word_1_742' title='bbox 1394 4573 1456 4633; x_wconf 88' lang='lat' dir='ltr'>post</span> <span class='ocrx_word' id='word_1_743' title='bbox 1464 4562 1596 4635; x_wconf 85' lang='lat' dir='ltr'>baptisma</span> <span class='ocrx_word' id='word_1_744' title='bbox 1608 4578 1616 4629; x_wconf 90' lang='lat'>;</span> <span class='ocrx_word' id='word_1_745' title='bbox 1630 4562 1657 4619; x_wconf 94' lang='lat' dir='ltr'>id</span> <span class='ocrx_word' id='word_1_746' title='bbox 1667 4563 1737 4634; x_wconf 91' lang='lat' dir='ltr'>quod</span> <span class='ocrx_word' id='word_1_747' title='bbox 1746 4562 1835 4635; x_wconf 90' lang='lat' dir='ltr'>palam</span> <span class='ocrx_word' id='word_1_748' title='bbox 1850 4561 1915 4619; x_wconf 83' lang='lat' dir='ltr'>iacit</span> 
     </span>
     <span class='ocr_line' id='line_1_81' title="bbox 1118 4655 1916 4731; baseline -0.003 -18"><span class='ocrx_word' id='word_1_749' title='bbox 1118 4658 1161 4715; x_wconf 88' lang='lat' dir='ltr'>bis</span> <span class='ocrx_word' id='word_1_750' title='bbox 1185 4658 1274 4715; x_wconf 84' lang='lat' dir='ltr'>uerbis</span> <span class='ocrx_word' id='word_1_751' title='bbox 1288 4675 1296 4713; x_wconf 81' lang='lat' dir='ltr'><strong><em>z</em></strong></span> <span class='ocrx_word' id='word_1_752' title='bbox 1309 4656 1366 4731; x_wconf 82' lang='lat' dir='ltr'>lipo</span> <span class='ocrx_word' id='word_1_753' title='bbox 1392 4657 1445 4713; x_wconf 82' lang='lat' dir='ltr'>aidi</span> <span class='ocrx_word' id='word_1_754' title='bbox 1468 4655 1596 4727; x_wconf 72' lang='lat' dir='ltr'>Spiritum</span> <span class='ocrx_word' id='word_1_755' title='bbox 1625 4656 1815 4713; x_wconf 78' lang='lat' dir='ltr'>descendentem</span> <span class='ocrx_word' id='word_1_756' title='bbox 1839 4655 1916 4725; x_wconf 70' lang='lat' dir='ltr'>mari</span> 
     </span>
     <span class='ocr_line' id='line_1_82' title="bbox 1118 4745 1916 4821; baseline -0.004 -15"><span class='ocrx_word' id='word_1_757' title='bbox 1118 4750 1279 4817; x_wconf 82' lang='lat' dir='ltr'>columbam,</span> <span class='ocrx_word' id='word_1_758' title='bbox 1294 4758 1318 4805; x_wconf 84' lang='lat' dir='ltr'>et</span> <span class='ocrx_word' id='word_1_759' title='bbox 1331 4760 1472 4806; x_wconf 82' lang='lat' dir='ltr'>manentem</span> <span class='ocrx_word' id='word_1_760' title='bbox 1484 4765 1562 4821; x_wconf 83' lang='lat' dir='ltr'>super</span> <span class='ocrx_word' id='word_1_761' title='bbox 1573 4764 1631 4804; x_wconf 87' lang='lat' dir='ltr'>eum</span> <span class='ocrx_word' id='word_1_762' title='bbox 1644 4745 1735 4819; x_wconf 82' lang='lat' dir='ltr'>(loun,</span> <span class='ocrx_word' id='word_1_763' title='bbox 1746 4747 1772 4804; x_wconf 91' lang='lat' dir='ltr'>l.</span> <span class='ocrx_word' id='word_1_764' title='bbox 1787 4746 1844 4820; x_wconf 71' lang='lat'>52).</span> <span class='ocrx_word' id='word_1_765' title='bbox 1860 4746 1916 4804; x_wconf 81' lang='lat' dir='ltr'>Cur</span> 
     </span>
     <span class='ocr_line' id='line_1_83' title="bbox 1117 4837 1916 4914; baseline -0.005 -16"><span class='ocrx_word' id='word_1_766' title='bbox 1117 4857 1182 4914; x_wconf 77' lang='lat' dir='ltr'>erqo</span> <span class='ocrx_word' id='word_1_767' title='bbox 1191 4841 1264 4899; x_wconf 85' lang='lat' dir='ltr'>reoit</span> <span class='ocrx_word' id='word_1_768' title='bbox 1277 4842 1310 4897; x_wconf 91' lang='lat' dir='ltr'>ad</span> <span class='ocrx_word' id='word_1_769' title='bbox 1319 4840 1467 4897; x_wconf 82' lang='lat' dir='ltr'>Joarrncml</span> <span class='ocrx_word' id='word_1_770' title='bbox 1479 4840 1538 4896; x_wconf 86' lang='lat' dir='ltr'>Non</span> <span class='ocrx_word' id='word_1_771' title='bbox 1548 4839 1630 4896; x_wconf 90' lang='lat' dir='ltr'>modo</span> <span class='ocrx_word' id='word_1_772' title='bbox 1643 4838 1716 4895; x_wconf 90' lang='lat' dir='ltr'>enim</span> <span class='ocrx_word' id='word_1_773' title='bbox 1730 4837 1874 4906; x_wconf 86' lang='lat' dir='ltr'>uenit,sed</span> <span class='ocrx_word' id='word_1_774' title='bbox 1887 4845 1916 4897; x_wconf 85' lang='lat' dir='ltr'>et</span> 
     </span>
     <span class='ocr_line' id='line_1_84' title="bbox 1117 4930 1909 5003; baseline -0.003 -16"><span class='ocrx_word' id='word_1_775' title='bbox 1117 4932 1191 4989; x_wconf 88' lang='lat' dir='ltr'>illum</span> <span class='ocrx_word' id='word_1_776' title='bbox 1206 4931 1362 4991; x_wconf 69' lang='lat' dir='ltr'>adnullant</span> <span class='ocrx_word' id='word_1_777' title='bbox 1378 4933 1491 5001; x_wconf 82' lang='lat' dir='ltr'>reniret,</span> <span class='ocrx_word' id='word_1_778' title='bbox 1506 4932 1609 5003; x_wconf 85' lang='lat' dir='ltr'>iuquit,</span> <span class='ocrx_word' id='word_1_779' title='bbox 1631 4930 1667 4986; x_wconf 82' lang='lat' dir='ltr'>ad</span> <span class='ocrx_word' id='word_1_780' title='bbox 1679 4948 1747 4996; x_wconf 75' lang='lat' dir='ltr'>estin,</span> <span class='ocrx_word' id='word_1_781' title='bbox 1764 4931 1826 4986; x_wconf 81' lang='lat' dir='ltr'>uidit</span> <span class='ocrx_word' id='word_1_782' title='bbox 1838 4947 1909 4987; x_wconf 79' lang='grc' dir='ltr'>ιιιιιι.</span> 
     </span>
     <span class='ocr_line' id='line_1_85' title="bbox 1117 5023 1914 5104; baseline -0.004 -20"><span class='ocrx_word' id='word_1_783' title='bbox 1117 5028 1173 5084; x_wconf 82' lang='lat' dir='ltr'>Cur</span> <span class='ocrx_word' id='word_1_784' title='bbox 1186 5042 1251 5100; x_wconf 74' lang='lat' dir='ltr'>crgo</span> <span class='ocrx_word' id='word_1_785' title='bbox 1262 5027 1355 5084; x_wconf 84' lang='lat' dir='ltr'>ueniti</span> <span class='ocrx_word' id='word_1_786' title='bbox 1369 5026 1437 5104; x_wconf 80' lang='lat' dir='ltr'>Quia</span> <span class='ocrx_word' id='word_1_787' title='bbox 1453 5026 1499 5082; x_wconf 91' lang='lat' dir='ltr'>ille</span> <span class='ocrx_word' id='word_1_788' title='bbox 1512 5024 1599 5097; x_wconf 88' lang='lat' dir='ltr'>ipsum</span> <span class='ocrx_word' id='word_1_789' title='bbox 1611 5040 1673 5081; x_wconf 93' lang='lat' dir='ltr'>cum</span> <span class='ocrx_word' id='word_1_790' title='bbox 1687 5023 1778 5081; x_wconf 88' lang='lat' dir='ltr'>multis</span> <span class='ocrx_word' id='word_1_791' title='bbox 1791 5023 1914 5095; x_wconf 80' lang='lat' dir='ltr'>baptisa-</span> 
     </span>
     <span class='ocr_line' id='line_1_86' title="bbox 1117 5114 1911 5188; baseline -0.003 -13"><span class='ocrx_word' id='word_1_792' title='bbox 1117 5120 1167 5186; x_wconf 84' lang='lat' dir='ltr'>uit,</span> <span class='ocrx_word' id='word_1_793' title='bbox 1179 5120 1215 5175; x_wconf 91' lang='lat' dir='ltr'>ira</span> <span class='ocrx_word' id='word_1_794' title='bbox 1229 5128 1259 5177; x_wconf 94' lang='grc' dir='ltr'>ιιι</span> <span class='ocrx_word' id='word_1_795' title='bbox 1272 5132 1354 5177; x_wconf 90' lang='lat' dir='ltr'>nemo</span> <span class='ocrx_word' id='word_1_796' title='bbox 1367 5118 1549 5188; x_wconf 82' lang='lat' dir='ltr'>suspicaretur</span> <span class='ocrx_word' id='word_1_797' title='bbox 1563 5116 1650 5187; x_wconf 88' lang='lat' dir='ltr'>ipsum</span> <span class='ocrx_word' id='word_1_798' title='bbox 1660 5116 1756 5174; x_wconf 85' lang='lat' dir='ltr'>eadem</span> <span class='ocrx_word' id='word_1_799' title='bbox 1770 5114 1804 5173; x_wconf 91' lang='lat' dir='ltr'>de</span> <span class='ocrx_word' id='word_1_800' title='bbox 1817 5131 1911 5184; x_wconf 77' lang='lat' dir='ltr'>causa,</span> 
     </span>
     <span class='ocr_line' id='line_1_87' title="bbox 1118 5207 1913 5283; baseline -0.004 -17"><span class='ocrx_word' id='word_1_801' title='bbox 1118 5226 1170 5283; x_wconf 91' lang='lat' dir='ltr'>qua</span> <span class='ocrx_word' id='word_1_802' title='bbox 1182 5211 1227 5267; x_wconf 90' lang='lat' dir='ltr'>alil</span> <span class='ocrx_word' id='word_1_803' title='bbox 1239 5254 1248 5278; x_wconf 91' lang='lat'>,</span> <span class='ocrx_word' id='word_1_804' title='bbox 1261 5211 1296 5267; x_wconf 88' lang='lat' dir='ltr'>ad</span> <span class='ocrx_word' id='word_1_805' title='bbox 1309 5210 1441 5267; x_wconf 89' lang='lat' dir='ltr'>loannem</span> <span class='ocrx_word' id='word_1_806' title='bbox 1462 5208 1628 5273; x_wconf 85' lang='lat' dir='ltr'>accessisse,</span> <span class='ocrx_word' id='word_1_807' title='bbox 1644 5217 1671 5264; x_wconf 92' lang='lat' dir='ltr'>ut</span> <span class='ocrx_word' id='word_1_808' title='bbox 1686 5207 1790 5264; x_wconf 90' lang='lat' dir='ltr'>scilicet</span> <span class='ocrx_word' id='word_1_809' title='bbox 1801 5216 1913 5279; x_wconf 84' lang='lat' dir='ltr'>peecata</span> 
     </span>
     <span class='ocr_line' id='line_1_88' title="bbox 1117 5300 1913 5374; baseline -0.004 -15"><span class='ocrx_word' id='word_1_810' title='bbox 1117 5304 1301 5370; x_wconf 77' lang='lat' dir='ltr'>confiteretur,</span> <span class='ocrx_word' id='word_1_811' title='bbox 1312 5302 1377 5359; x_wconf 87' lang='lat' dir='ltr'>etin</span> <span class='ocrx_word' id='word_1_812' title='bbox 1389 5301 1573 5374; x_wconf 70' lang='lat' dir='ltr'>penitentiam</span> <span class='ocrx_word' id='word_1_813' title='bbox 1583 5300 1738 5361; x_wconf 87' lang='lat' dir='ltr'>ablueretur</span> <span class='ocrx_word' id='word_1_814' title='bbox 1750 5302 1777 5357; x_wconf 90' lang='lat' dir='ltr'>in</span> <span class='ocrx_word' id='word_1_815' title='bbox 1791 5300 1913 5358; x_wconf 88' lang='lat' dir='ltr'>llumine.</span> 
     </span>
     <span class='ocr_line' id='line_1_89' title="bbox 1118 5393 1914 5462; baseline -0.004 -10"><span class='ocrx_word' id='word_1_816' title='bbox 1118 5396 1181 5453; x_wconf 88' lang='lat' dir='ltr'>ldeo</span> <span class='ocrx_word' id='word_1_817' title='bbox 1193 5395 1307 5462; x_wconf 87' lang='lat' dir='ltr'>accedit,</span> <span class='ocrx_word' id='word_1_818' title='bbox 1322 5394 1390 5451; x_wconf 89' lang='lat' dir='ltr'>dans</span> <span class='ocrx_word' id='word_1_819' title='bbox 1410 5394 1506 5451; x_wconf 88' lang='lat' dir='ltr'>loanni</span> <span class='ocrx_word' id='word_1_820' title='bbox 1526 5395 1626 5461; x_wconf 90' lang='lat' dir='ltr'>locum,</span> <span class='ocrx_word' id='word_1_821' title='bbox 1640 5402 1668 5450; x_wconf 93' lang='lat' dir='ltr'>ut</span> <span class='ocrx_word' id='word_1_822' title='bbox 1681 5393 1762 5449; x_wconf 88' lang='lat' dir='ltr'>talem</span> <span class='ocrx_word' id='word_1_823' title='bbox 1774 5403 1914 5451; x_wconf 81' lang='lat' dir='ltr'>amoveret</span> 
     </span>
     <span class='ocr_line' id='line_1_90' title="bbox 1118 5483 1915 5560; baseline -0.008 -15"><span class='ocrx_word' id='word_1_824' title='bbox 1118 5489 1310 5560; x_wconf 88' lang='lat' dir='ltr'>suspicionem.</span> <span class='ocrx_word' id='word_1_825' title='bbox 1330 5486 1397 5545; x_wconf 85' lang='lat' dir='ltr'>liam</span> <span class='ocrx_word' id='word_1_826' title='bbox 1418 5502 1481 5545; x_wconf 88' lang='lat' dir='ltr'>cum</span> <span class='ocrx_word' id='word_1_827' title='bbox 1504 5484 1674 5551; x_wconf 75' lang='lat' dir='ltr'>dicit,i1cce</span> <span class='ocrx_word' id='word_1_828' title='bbox 1692 5502 1775 5557; x_wconf 77' lang='lat' dir='ltr'>aquius</span> <span class='ocrx_word' id='word_1_829' title='bbox 1788 5483 1856 5553; x_wconf 82' lang='lat' dir='ltr'>Dei,</span> <span class='ocrx_word' id='word_1_830' title='bbox 1870 5486 1915 5557; x_wconf 84' lang='lat' dir='ltr'>qui</span> 
     </span>
     <span class='ocr_line' id='line_1_91' title="bbox 1118 5575 1916 5655; baseline -0.008 -17"><span class='ocrx_word' id='word_1_831' title='bbox 1118 5582 1184 5639; x_wconf 87' lang='lat' dir='ltr'>tellit</span> <span class='ocrx_word' id='word_1_832' title='bbox 1199 5591 1331 5655; x_wconf 83' lang='lat' dir='ltr'>peccatum</span> <span class='ocrx_word' id='word_1_833' title='bbox 1342 5581 1450 5647; x_wconf 77' lang='lat' dir='ltr'>urendi,</span> <span class='ocrx_word' id='word_1_834' title='bbox 1466 5589 1550 5637; x_wconf 83' lang='lat' dir='ltr'>totam</span> <span class='ocrx_word' id='word_1_835' title='bbox 1569 5578 1642 5635; x_wconf 90' lang='lat' dir='ltr'>iilam</span> <span class='ocrx_word' id='word_1_836' title='bbox 1657 5575 1769 5648; x_wconf 88' lang='lat' dir='ltr'>depellit</span> <span class='ocrx_word' id='word_1_837' title='bbox 1782 5575 1916 5648; x_wconf 86' lang='lat' dir='ltr'>suspicio·</span> 
     </span>
     <span class='ocr_line' id='line_1_92' title="bbox 1117 5668 1916 5745; baseline -0.008 -15"><span class='ocrx_word' id='word_1_838' title='bbox 1117 5690 1191 5731; x_wconf 88' lang='lat' dir='ltr'>nem.</span> <span class='ocrx_word' id='word_1_839' title='bbox 1213 5674 1265 5743; x_wconf 76' lang='lat' dir='ltr'>Qui</span> <span class='ocrx_word' id='word_1_840' title='bbox 1290 5673 1363 5730; x_wconf 89' lang='lat' dir='ltr'>enim</span> <span class='ocrx_word' id='word_1_841' title='bbox 1386 5674 1423 5729; x_wconf 91' lang='lat' dir='ltr'>ita</span> <span class='ocrx_word' id='word_1_842' title='bbox 1447 5687 1530 5745; x_wconf 91' lang='lat' dir='ltr'>purus</span> <span class='ocrx_word' id='word_1_843' title='bbox 1545 5680 1604 5737; x_wconf 90' lang='lat' dir='ltr'>est,</span> <span class='ocrx_word' id='word_1_844' title='bbox 1616 5676 1657 5725; x_wconf 76' lang='lat' dir='ltr'>nt</span> <span class='ocrx_word' id='word_1_845' title='bbox 1674 5668 1789 5726; x_wconf 89' lang='lat' dir='ltr'>aliomm</span> <span class='ocrx_word' id='word_1_846' title='bbox 1805 5676 1916 5741; x_wconf 83' lang='lat' dir='ltr'>peccata</span> 
     </span>
     <span class='ocr_line' id='line_1_93' title="bbox 1118 5756 1914 5836; baseline -0.01 -14"><span class='ocrx_word' id='word_1_847' title='bbox 1118 5756 1204 5836; x_wconf 82' lang='lat' dir='ltr'>posin</span> <span class='ocrx_word' id='word_1_848' title='bbox 1216 5765 1346 5830; x_wconf 89' lang='lat' dir='ltr'>abluere,</span> <span class='ocrx_word' id='word_1_849' title='bbox 1362 5764 1406 5831; x_wconf 86' lang='lat' dir='ltr'>is,</span> <span class='ocrx_word' id='word_1_850' title='bbox 1418 5773 1449 5820; x_wconf 89' lang='grc' dir='ltr'>ιιι</span> <span class='ocrx_word' id='word_1_851' title='bbox 1462 5763 1550 5835; x_wconf 83' lang='lat' dir='ltr'>palam</span> <span class='ocrx_word' id='word_1_852' title='bbox 1561 5769 1616 5827; x_wconf 84' lang='lat' dir='ltr'>est,</span> <span class='ocrx_word' id='word_1_853' title='bbox 1631 5775 1686 5817; x_wconf 90' lang='lat' dir='ltr'>non</span> <span class='ocrx_word' id='word_1_854' title='bbox 1697 5768 1728 5817; x_wconf 94' lang='lat' dir='ltr'>ut</span> <span class='ocrx_word' id='word_1_855' title='bbox 1739 5768 1849 5832; x_wconf 88' lang='lat' dir='ltr'>peccata</span> <span class='ocrx_word' id='word_1_856' title='bbox 1865 5773 1914 5815; x_wconf 86' lang='lat' dir='ltr'>saa</span> 
     </span>
     <span class='ocr_line' id='line_1_94' title="bbox 1118 5850 1915 5939; baseline -0.008 -26"><span class='ocrx_word' id='word_1_857' title='bbox 1118 5852 1412 5939; x_wconf 27' lang='lat' dir='ltr'>condreatur-accedit,</span> <span class='ocrx_word' id='word_1_858' title='bbox 1432 5856 1481 5913; x_wconf 89' lang='lat' dir='ltr'>sed</span> <span class='ocrx_word' id='word_1_859' title='bbox 1503 5863 1532 5912; x_wconf 93' lang='lat' dir='ltr'>nt</span> <span class='ocrx_word' id='word_1_860' title='bbox 1554 5852 1713 5911; x_wconf 86' lang='lat' dir='ltr'>admirando</span> <span class='ocrx_word' id='word_1_861' title='bbox 1734 5851 1774 5909; x_wconf 91' lang='lat' dir='ltr'>illi</span> <span class='ocrx_word' id='word_1_862' title='bbox 1796 5850 1915 5923; x_wconf 67' lang='lat' dir='ltr'>menni</span> 
     </span>
     <span class='ocr_line' id='line_1_95' title="bbox 1121 5942 1915 6021; baseline 0.004 -16"><span class='ocrx_word' id='word_1_863' title='bbox 1121 5949 1290 6008; x_wconf 84' lang='lat' dir='ltr'>occasionem</span> <span class='ocrx_word' id='word_1_864' title='bbox 1310 5948 1449 6021; x_wconf 81' lang='lat' dir='ltr'>prebeat,</span> <span class='ocrx_word' id='word_1_865' title='bbox 1468 5955 1498 6005; x_wconf 93' lang='lat' dir='ltr'>ut</span> <span class='ocrx_word' id='word_1_866' title='bbox 1523 5944 1641 6007; x_wconf 78' lang='lat' dir='ltr'>mcuuda</span> <span class='ocrx_word' id='word_1_867' title='bbox 1655 5942 1822 6019; x_wconf 78' lang='lat' dir='ltr'>repetitaque</span> <span class='ocrx_word' id='word_1_868' title='bbox 1846 5954 1915 6008; x_wconf 70' lang='lat' dir='ltr'>rot·</span> 
     </span>
    </p>
   </div>
   <div class='ocr_carea' id='block_1_16' title="bbox 0 0 2059 6340">
    <p class='ocr_par' dir='ltr' id='par_1_16' title="bbox 0 0 2059 6340">
     <span class='ocr_line' id='line_1_96' title="bbox 0 0 2059 6340; baseline 0 0"><span class='ocrx_word' id='word_1_869' title='bbox 0 0 2059 6340; x_wconf 95' lang='lat' dir='ltr'> </span> 
     </span>
    </p>
   </div>
  </div>
 </body>
</html>
