4084 6350
20 4294 23 4301 .
125 4240 305 4304 meliorest.

600 745 675 818 ΑΙ)
700 739 989 816 LECTOREM
1015 745 1298 822 ERUDITUM

447 917 546 977 cinca
566 916 717 976 duonum
736 915 897 974 aduinus
914 914 1155 974 auersosrosu
1171 919 1314 977 nonnus
1333 921 1465 988 serras.

612 1079 720 1134 Qulbdbl
734 1087 858 1126 adorem
874 1077 958 1122 duem
973 1077 1031 1122 llllll
1045 1079 1203 1124 massulssl
1217 1080 1292 1124 suits.

799 1196 1114 1253 *m*—

169 1343 317 1406 Humilia
326 1342 389 1420 tlte
404 1341 551 1403 undecim
565 1354 699 1400 numero
709 1355 750 1399 ex
762 1336 878 1400 Codice
892 1339 1050 1402 Vaticano
1064 1340 1223 1420 prodeunt
1235 1385 1243 1414 ,
1257 1341 1312 1420 qui
1330 1342 1436 1404 Codex
1453 1345 1573 1407 nonita
1589 1347 1711 1425 pridem
1725 1364 1769 1410 ex

134 1425 237 1484 monia
251 1423 354 1492 Atho,
369 1425 406 1482 ul
417 1421 525 1491 aiunt,
538 1419 571 1479 in
586 1416 816 1478 bibliothecam
827 1416 1017 1480 vaticanam
1031 1419 1206 1482 translatus
1221 1425 1280 1482 est.
1293 1421 1330 1481 ln
1347 1421 1409 1481 isto
1421 1430 1530 1484 autem
1546 1428 1654 1487 monte
1669 1425 1768 1488 variis

134 1502 164 1562 in
178 1500 383 1563 monasteriis
398 1503 519 1577 septem
530 1495 738 1559 bibliothecas
754 1494 1049 1573 blanuscriptorum
1061 1496 1245 1558 Grecorum
1255 1499 1367 1560 haberi
1421 1506 1451 1560 st
1463 1501 1619 1562 ioannem
1633 1501 1769 1564 Corone-

134 1597 227 1652 num‚
243 1580 301 1656 qui
321 1578 393 1639 illas
416 1576 586 1648 inviserat,
606 1573 747 1634 diximus
766 1573 800 1632 in
816 1571 881 1634 hue
901 1575 1151 1652 Paloeoqraphiae
1171 1576 1306 1650 Graes,
1326 1596 1359 1656 p.
1399 1577 1455 1652 38,
1468 1576 1539 1638 i'lb.
1558 1579 1668 1658 Neque
1687 1580 1769 1660 lngit

135 1662 257 1718 nostros
272 1658 331 1734 qui
346 1658 453 1717 Remea
467 1654 605 1732 degunt,
622 1657 654 1714 et
674 1652 762 1714 bisce
776 1653 873 1712 rebus
888 1651 1064 1732 advigilant
1076 1653 1114 1713 li.
1129 1654 1163 1714 P.
1174 1655 1212 1714 b.
1225 1655 1356 1717 Petrum
1368 1656 1487 1718 Maloet
1503 1655 1767 1738 congregationis

134 1740 247 1796 nostra
265 1735 510 1796 Procuratorem
525 1730 713 1793 Generalem
727 1733 759 1791 et
769 1728 808 1789 D.
824 1729 999 1807 iosephum
1013 1731 1103 1790 Arrii
1123 1731 1192 1810 eJus
1210 1731 1352 1807 socium,
1370 1733 1517 1795 Codicum
1536 1735 1634 1796 istum
1652 1737 1769 1799 inedita

134 1811 348 1894 chrysostomi
364 1827 463 1892 opera
479 1809 741 1888 complectentem
754 1807 787 1867 in
797 1806 1028 1870 Bibliothecam
1040 1807 1229 1872 Vaticanam
1243 1811 1378 1872 allatum
1390 1829 1471 1872 esse.
1491 1813 1556 1874 Nee
1569 1829 1661 1876 mora
1681 1815 1769 1880 cala·

20 1965 21 1968 Ἴ
133 1891 237 1970 logum
250 1889 469 1970 homiliarum,
485 1905 556 1966 quse
571 1887 604 1948 in
615 1886 671 1947 illo
686 1886 907 1959 continentur,
921 1886 1036 1948 additis
1047 1886 1205 1966 cujusque
1219 1887 1359 1950 homiliae
1374 1889 1551 1968 principiis,
1565 1891 1643 1951 mihi
1657 1895 1768 1955 trans-

134 1970 269 2030 mittunt.
292 1969 382 2030 luter
398 1967 470 2029 illas
493 1970 601 2028 autem
615 1963 764 2025 homilias
784 1963 932 2025 undecim
946 1965 1071 2042 reperi,
1109 1982 1161 2026 ue
1172 1981 1334 2044 nusquam
1349 1967 1400 2029 vel
1415 1983 1500 2029 cusas
1520 1968 1571 2031 vel
1585 1975 1768 2033 memoratas

134 2047 268 2119 inerant,
275 2061 414 2126 quaeque
427 2044 477 2106 vel
494 2061 535 2106 ex
555 2043 633 2122 ipsis
647 2043 748 2103 titulis
766 2041 888 2119 aliquid
904 2043 980 2104 boni
995 1983 1248 2106 subindicarenl.
1258 2045 1495 2123 ltoqasistatim
1507 2047 1585 2107 mihi
1600 2048 1703 2110 exseri
1729 2055 1768 2114 lie

133 2126 436 2189 transmitterentur.
451 2124 522 2189 Non
533 2121 670 2202 impigre
681 2123 790 2183 autem
804 2121 850 2180 illi
866 2121 913 2188 rei
927 2126 1106 2184 manumet
1121 2139 1254 2202 operam
1266 2123 1498 2200 admoverunt,
1513 2129 1546 2187 et
1563 2142 1674 2188 omnes
1694 2067 1766 2191 iflas

133 2206 207 2265 mihi
219 2203 432 2282 transcriptas
448 2201 576 2263 misere.
1101 2273 1105 2280 Ι

168 2283 254 2343 Sunt·
264 2286 374 2345 autem
388 2297 499 2342 omnes
512 2279 575 2342 ille
590 2278 659 2340 sine
669 2276 766 2339 dubio
782 2277 950 2356 genuinae:
971 2295 1078 2356 neque
1090 2277 1191 2340 ullam
1204 2277 1273 2341 lore
1317 2283 1374 2340 uto
1396 2280 1481 2342 circa
1493 2281 1682 2344 authentiam
1694 2300 1767 2345 sen·

131 2362 305 2422 tentiarum
328 2359 555 2421 diversitatem.
578 2356 696 2417 Omnes
723 2355 1002 2434 Constantinopoli
1032 2355 1149 2418 habite
1175 2360 1261 2418 sunt.
1292 2297 1449 2436 guodque
1474 2359 1552 2420 mibi
1579 2365 1767 2439 pergratum

131 2456 251 2576 gerqne
260 2436 439 2518 jucundum
450 2435 519 2528 luit,
529 2452 595 2496 non
608 2450 722 2512 parum
733 2433 773 2496 ad
785 2433 1051 2526 historiamjllius
1064 2434 1216 2528 temporis
1226 2437 1450 2527 illustrandam
1459 2437 1606 2500 conterre
1617 2446 1765 2530 possunt.

131 2511 749 2672 illiabsilialttltbitli
765 2528 872 2651 itta
895 2513 1233 2672 utilissimi
1245 2517 1768 2664 siitiblttltilrrlrat

128 2672 188 2734 lias
200 2674 236 2734 in
248 2689 369 2735 norum
384 2673 622 2733 Testamentum
634 2668 701 2748 jam
708 2673 830 2762 emptas
844 2667 996 2743 dividere,
1012 2675 1046 2730 ul
1060 2669 1158 2732 hasce
1171 2671 1342 2733 conciones
1356 2672 1550 2734 inseramus.
1562 2675 1768 2752 Quapropter

128 2751 189 2812 ille
202 2752 242 2815 ad
254 2750 478 2812 duodecimum
494 2750 630 2809 Tomum
643 2745 894 2809 transmittendae
908 2751 984 2810 sunt
996 2793 1004 2822 ,
1018 2748 1214 2828 interimque
1228 2749 1357 2810 illarum
1375 2750 1521 2814 notitiam
1539 2749 1706 2826 dabimus,
1730 2755 1768 2814 nt

129 2830 155 2891 si
166 2830 244 2908 qnid
255 2828 372 2922 eruditi
385 2829 444 2891 viri
456 2829 540 2918 cirea
552 2827 625 2889 illas
641 2825 733 2918 nobis
747 2825 880 2887 subsidii
893 2824 1040 2889 conterre
1054 2828 1190 2920 possint,
1205 2827 1317 2906 quade
1333 2833 1496 2922 renagatnur
1506 2829 1620 2891 sciant.
1635 2828 1681 2890 hd
1699 2829 1767 2893 bae

129 2903 1768 3126 ttatiffi.l¹.li,¹¹ttl¹¹t.ittlilii‘bttiliitbttiatiaasiittaittttitsffrdll'..

127 3079 146 3125 a
186 3081 283 3126 umen
332 3079 400 3126 aces
424 3081 453 3124 e.

148 3083 189 3205 Ὺ.
212 3143 357 3206 Humilia
375 3081 480 3205 ὴέῠίία
503 3141 538 3204 in
559 3139 711 3221 martyrio
727 3138 791 3201 siae
811 3139 938 3203 ecelesia
950 3141 1062 3204 esteris
1079 3139 1196 3211 Petra,
1216 3133 1383 3222 panciroli
1404 3138 1528 3203 hiemem
1548 3143 1766 3205 conuenienti-

127 3219 181 3283 bus
194 3242 210 3313 ³.
224 3222 309 3313 qued
328 3228 472 3301 oportent
485 3218 610 3312 assidue
625 3218 824 3280 conuentibus
838 3219 983 3280 interesse
999 3239 1009 3277 .·
1029 3227 1057 3278 et
1067 3219 1152 3299 qnod
1167 3236 1232 3279 non
1245 3220 1286 3279 sit
1298 3218 1521 3298 desperandum
1538 3220 1574 3282 de
1589 3218 1698 3290 sainte
1713 3222 1772 3288 sed

122 3300 564 3516 pssitei'ie‘riraslfgirigahaeest
580 3376 595 3435 t
614 3374 689 3439 Cum
705 3380 863 3455 oporteret
881 3373 972 3437 hodie
994 3380 1091 3436 totam
1111 3374 1268 3437 ciuitatem
1288 3373 1406 3444 adesse,
1427 3393 1466 3436 ne
1486 3376 1623 3438 maxima
1639 3376 1765 3457 quidem

146 3474 197 3518 ars
211 3465 357 3519 conuenit
690 3516 693 3523 .

124 3474 144 3536 Ρ
163 3536 218 3597 list
230 3539 339 3597 antem
354 3537 471 3603 contra,
483 3548 616 3605 avaros3
632 3530 740 3611 agitur
751 3530 790 3594 de
804 3535 897 3594 terre
909 3534 998 3591 metu
1011 3530 1098 3593 haud
1112 3531 1156 3592 ita
1168 3530 1310 3609 pridem,
1326 3531 1393 3592 sire
1407 3535 1482 3593 ante
1493 3532 1625 3625 triginta
1636 3534 1763 3596 circiter

125 3613 191 3675 dies
208 3614 320 3676 habito
333 3658 341 3688 ‚
356 3614 411 3691 qul
426 3612 537 3673 multis
553 3611 672 3673 damna
687 3609 851 3687 intulerat.
868 3609 1040 3671 auditores
1055 3614 1090 3670 ul
1105 3609 1204 3670 semel
1219 3609 1252 3669 in
1266 3608 1466 3672 hebdomada
1481 3609 1761 3673 adsintbortalur.

124 3692 194 3753 lion
211 3708 283 3753 essa
303 3690 550 3771 desperandum.
569 3689 647 3769 (llio
666 3692 774 3751 autem
795 3704 862 3750 uno
882 3688 998 3752 avulso
1023 3688 1100 3749 lolio
1123 3688 1230 3750 hiatus
1255 3686 1375 3767 adest.)
1398 3686 1445 3751 De
1465 3688 1558 3753 Helia
1581 3690 1701 3761 multas
1725 3690 1765 3753 de

124 3771 368 3848 Pauloquoque
381 3768 530 3847 piurima.
1147 3812 1154 3821 .
1227 3812 1231 3819 -

162 3848 202 3910 ll.
226 3850 261 3911 S.
277 3847 385 3909 Patris
405 3848 508 3907 nostri
530 3846 666 3907 ioannis
679 3845 905 3925 chrysostomi.
923 3842 998 3907 Cum
1016 3844 1203 3923 imperatrix
1221 3842 1321 3905 media
1339 3854 1431 3905 noete
1450 3846 1492 3908 ad
1509 3864 1653 3926 maynam
1666 3847 1764 3910 eccle-

125 3926 201 3987 siam
215 3926 357 3995 accessit,
377 3924 507 4004 indeque
519 3922 701 4005 Martyrum
716 3922 874 4002 Reliquias
891 3924 1068 4001 assumpsit,
1092 3941 1128 3983 ae
1140 3931 1308 4015 pertatem
1324 3923 1430 4003 [orum
1449 3926 1597 3987 comitata
1613 3933 1765 4007 estusque
1871 3966 1877 3971 -

126 4004 364 4086 admartyrium
382 4004 417 4065 in
428 4004 460 4063 D
496 4002 562 4082 pia,
584 4019 651 4083 qua
673 4000 710 4062 ab
724 3999 799 4061 urhe
813 4001 910 4063 distat
935 4018 1045 4062 nauem
1067 4000 1239 4062 milliariis.
1267 4001 1362 4062 Dicta
1381 4002 1444 4082 fuit
1464 4002 1763 4083 homitiainmayno

125 4084 294 4176 martyrio,
306 4089 458 4165 presente
495 4079 677 4161 inperatrice
690 4086 815 4161 totoque
823 4078 944 4215 popula
961 4086 990 4139 et
1000 4078 1245 4170 mayistrqtibus.
1614 4122 1621 4135 .

164 4162 299 4224 Initium
316 4182 326 4221 .·
342 4158 427 4238 Quid
442 4156 542 4220 dicam
560 4156 675 4238 etquid
695 4156 808 4237 loquar
860 4156 982 4219 exsulto
1000 4166 1029 4218 et
1048 4174 1196 4226 ineamus
1217 4156 1270 4219 sed
1288 4157 1412 4220 insania
1435 4178 1502 4238 qua
1522 4163 1592 4239 ipsa
1610 4160 1765 4239 supientia

162 4319 199 4379 ln
210 4319 273 4380 hac
291 4314 441 4391 homilia',
455 4332 530 4395 qum
549 4314 660 4377 multis
674 4314 889 4399 illustrabitur
903 4314 1004 4387 notis,
1016 4314 1267 4393 Chrysostomus
1287 4318 1385 4375 tanta
1409 4314 1603 4379 celebritatis
1619 4317 1762 4379 letitiam

126 4396 226 4458 eliert.
247 4397 316 4458 lllic
329 4398 463 4459 aderant
477 4412 588 4457 omnes
602 4394 746 4454 omnium
764 4391 914 4453 ordinum
934 4393 993 4453 viri
1009 4394 1249 4470 mulieresque,
1264 4393 1412 4454 monachi
1427 4392 1608 4473 ,virginem
1622 4413 1715 4458 senes
1731 4402 1765 4459 et

124 4474 280 4613 Rariores.
293 4475 366 4554 ipsa
379 4474 572 4567 imperabis
585 4472 683 4613 Bedes
698 4470 848 4563 incedens
863 4486 1112 4563 arcam-semper
1124 4471 1175 4532 vel
1188 4471 1427 4561 superpositum
1441 4487 1585 4551 pannum
1599 4475 1762 4553 tangebat.

155 4554 206 4617 inc
215 4554 314 4616 maris
329 4552 497 4615 brachium
512 4569 569 4615 seu
612 4566 647 4613 os
693 4566 750 4611 rus
772 4548 978 4628 trayrcrendus
992 4549 1063 4626 lurt,
1075 4551 1114 4609 ut
1124 4549 1362 4629 admartyrrarn
1378 4566 1436 4611 seu
1447 4550 1764 4630 ecclesiaminquam

125 4631 349 4694 deserebantur
361 4630 516 4709 Reliquis
530 4630 643 4691 iretur.
672 4626 763 4689 lultis
778 4627 956 4707 hugpstam
970 4627 1141 4708 praeconiis
1155 4624 1308 4701 celebrat,
1321 4625 1500 4707 etplurima
1514 4630 1709 4692 intermiscet
1721 4631 1762 4695 ad

125 4711 205 4771 ritas
219 4716 250 4772 et
262 4728 369 4772 mores
382 4710 469 4771 illius
483 4708 636 4787 temporis
652 4705 841 4785 spectantia.
1458 4743 1464 4749 -
1792 4741 1821 4767 ..2-

164 4789 220 4851 lll.
243 4788 408 4869 Ejusdem.
423 4788 502 4849 Cum
516 4784 653 4867 sequenti
668 4784 720 4846 die
731 4784 863 4847 uenisset
876 4784 1055 4864 Imperator
1067 4784 1108 4846 ad
1122 4784 1308 4865 martyrium
1322 4785 1461 4864 apostoli
1476 4794 1503 4848 et
1515 4788 1666 4868 martyris
1680 4787 1763 4848 Tho·

125 4868 284 5007 ausimne
293 4885 337 5008 a
344 4865 478 4949 Drypia,
496 4882 622 5007 eriemque
632 4871 703 4925 ante
718 4862 897 4925 concionem
914 4865 1100 4925 recessisset.
1116 4864 1194 4926 Post
1208 4863 1374 4926 discessum
1387 4864 1453 4945 ejus
1464 4865 1570 4929 habita
1580 4874 1624 4927 est
1635 4865 1763 4928 homilia

185 4964 217 5007 m
253 4948 292 5009 tit
337 4946 418 5007 inem
454 4963 516 5006 ou
530 4945 551 5006 i.

167 5025 305 5087 Initium
320 5045 330 5086 .·
343 4962 530 5088 anagnias
544 5024 628 5084 Deus
642 5042 651 5081 :
666 5028 789 5101 quanta
800 5026 874 5083 sunt
884 5021 1065 5101 Martyrum
1078 5021 1233 5084 uirtutes!
1250 5018 1318 5081 lteri
1331 5018 1422 5082 nobis
1431 5022 1482 5085 illi
1497 5030 1593 5085 totam
1608 5020 1763 5083 ciuitatem

126 5122 193 5164 eum
203 5101 517 5183 Imperatrice‚ltodie
526 5103 749 5181 Imperatorem
764 5118 832 5160 eum
845 5100 985 5161 exercitu
996 5108 1023 5160 et
1035 5099 1151 5179 pietate
1160 5098 1356 5162 multanobis
1367 5107 1578 5161 attraxerunt.
1588 5100 1761 5176 Postquam

125 5182 318 5261 imperatrix
333 5178 523 5259 precedenti
539 5182 651 5254 nocte,
664 5182 701 5239 ut
721 5177 876 5251 vidimus,
900 5178 1066 5258 Reliquias
1087 5177 1239 5247 comitata
1256 5177 1296 5241 ad
1317 5180 1506 5259 martyrium
1521 5194 1578 5239 seu
1593 5177 1762 5240 ecelesiam

124 5264 258 5323 venerat
273 5259 479 5339 :insequenti
494 5257 544 5321 die
558 5258 737 5337 imperator
753 5256 838 5317 venit
850 5274 923 5318 cum
939 5256 1101 5330 exercitu,
1118 5255 1149 5316 id
1164 5260 1230 5330 est,
1243 5274 1317 5319 eum
1330 5261 1529 5319 armatorum
1543 5259 1575 5317 et
1587 5256 1762 5319 satellitum

122 5353 235 5400 manu.
248 5338 373 5401 Laudat
390 5336 703 5417 porrolmperatoris
715 5334 842 5398 Arcadii
854 5336 1316 5415 pietatem-neelmperatoris
1326 5334 1433 5411 modo,
1447 5335 1502 5397 sed
1519 5334 1617 5396 etiam
1636 5337 1762 5398 satelli-

123 5420 193 5477 tum
206 5422 239 5479 et
251 5418 390 5478 militum
405 5418 511 5495 ipsum
523 5414 745 5479 comitantium
758 5432 766 5473 z
781 5418 879 5494 atque
891 5414 925 5476 in
940 5411 1096 5478 concione
1107 5414 1148 5478 ad
1162 5415 1317 5500 populum
1331 5413 1460 5498 habita,
1474 5414 1576 5476 multa
1587 5414 1626 5475 de
1648 5431 1763 5477 resur-

124 5496 268 5567 rectione
280 5496 389 5561 lutura
402 5494 557 5573 loquitur.
1732 5515 1737 5524 ·

163 5574 218 5635 lv.
240 5573 386 5635 Humilia
400 5574 577 5637 hortatoria
594 5572 699 5635 habita
712 5572 747 5635 in
762 5572 873 5665 templo
888 5570 981 5637 beuta
994 5572 1180 5644 Amatam,
1194 5574 1236 5639 nd
1254 5573 1371 5653 eosqui
1385 5572 1563 5636 aconcione
1577 5570 1758 5652 adsuerant,
1780 5574 1784 5579 '

20 5658 21 5669 ³
124 5660 152 5713 et
168 5644 440 5723 demonstratiuae
455 5650 672 5715 certaminibus
686 5660 713 5713 et
726 5670 842 5731 propris
855 5650 935 5714 beati
951 5661 978 5714 et
987 5652 1071 5732 justi
1082 5652 1169 5717 tuot.
