4084 6350
118 362 170 415 595·
285 397 289 409 .
631 358 662 413 itt
682 356 789 413 diist
811 358 861 411 tlt
875 354 957 411 littti.
977 356 1093 415 1101111..
1112 356 1184 413 lix.
1681 359 1736 419 591

118 476 183 531 tribus
192 474 295 531 eximiis
309 474 380 530 illam
394 474 565 545 praedicarit,
580 487 677 543 nempe
696 472 849 527 diuitiarum
864 480 892 527 et
942 471 1063 527 moribus
1082 480 1146 527 snat
1167 471 1287 528 similes:
1310 488 1399 545 oeque
1418 470 1515 529 iratres
1528 484 1659 528 remmus
1674 487 1733 535 eos.

117 564 266 635 altitudiuia;
281 576 309 623 ct
322 565 521 637 obstupefactus
536 575 588 636 est,
602 564 672 635 quod
688 564 745 620 bac
758 572 785 619 ot
798 564 890 617 roluc-
943 560 988 629 qni
1001 576 1035 617 ea
1052 562 1149 619 eodem
1161 578 1215 633 quo
1227 578 1276 619 nos
1291 576 1368 621 utero
1379 565 1547 636 prodierunt,
1561 562 1610 621 soti
1623 578 1673 621 ons
1684 565 1732 635 qui

115 662 145 714 rit
156 670 180 716 et
191 662 303 731 potuerit
316 702 323 725 ,
338 675 369 715 ac
383 658 515 715 contraria
532 674 580 729 per
602 658 734 713 contraria
748 658 891 712 curaverit.
943 652 1067 709 cumdem
1089 656 1217 712 exhibent
1238 657 1336 713 retum
1351 657 1399 714 llio
1413 656 1496 714 modo
1509 658 1581 714 filios
1594 658 1642 713 liei
1655 667 1736 715 noent

117 752 189 819 Quom
205 750 464 823 incompreheusibilis
475 761 535 804 suut
543 750 644 820 judicio
657 750 729 819 ejus!
740 747 798 802 Nun
811 748 892 801 modo
942 742 1081 812 Christus,
1103 748 1253 820 eodemque
1281 750 1353 805 illios
1385 749 1485 806 diaboli
1504 769 1512 807 :
1531 750 1571 807 sic
1593 750 1663 807 iilos
1690 750 1735 806 itr-

116 845 177 898 euim
189 842 378 914 comprehendi
390 858 442 897 nou
455 850 576 913 possunt,
589 841 635 896 scd
648 854 735 909 acque
745 838 889 908 explorari.
942 835 1128 907 credulitatis,
1144 839 1214 896 lilios
1236 839 1385 911 gehennae,
1407 841 1478 899 lilios
1489 842 1661 913 perditionis.
1688 842 1734 899 Sic

114 934 144 989 b‘t
162 936 340 1009 inuestiputriler
370 938 418 990 uice
441 934 518 1005 ejus!
542 934 567 990 id
591 922 641 999 es't,
656 932 813 989 munumina
826 948 834 985 :
849 930 891 985 baa
942 926 1017 983 Pauli
1042 928 1200 987 Timotheus
1225 933 1295 988 itlius
1316 942 1373 989 erat
1388 948 1421 989 cn
1435 934 1544 999 uirtute,
1556 947 1589 990 ac
1602 933 1734 1005 genuinus

112 1025 199 1097 quippe
212 1042 266 1082 nou
281 1028 368 1082 solum
383 1026 509 1099 cognosci
534 1035 687 1095 nequeunt,
706 1022 753 1079 sod
767 1038 817 1081 nec
830 1039 893 1095 per·
942 1018 1013 1074 dlius
1034 1020 1235 1091 appellabatur:
1257 1023 1305 1081 diri
1318 1040 1384 1082 rere
1397 1026 1498 1083 sororis
1511 1026 1571 1097 ejus
1585 1042 1621 1083 ne
1634 1042 1733 1083 unomen

79 1166 84 1177 .
111 1117 183 1188 quiri.
205 1118 298 1191 licque
315 1120 386 1175 enim
407 1134 475 1191 ego,
497 1120 601 1189 iuquit,
623 1119 712 1173 omnia
728 1118 828 1183 iuueni,
843 1118 890 1173 scri
941 1109 1048 1180 quidem
1059 1113 1204 1168 nouimus:
1220 1130 1383 1184 quamquam
1394 1116 1440 1173 ille
1450 1116 1598 1172 secundum
1611 1126 1734 1174 nutrirent

111 1209 231 1267 modium
253 1221 376 1282 partem,
392 1225 445 1266 nou
470 1219 554 1265 totum
577 1228 583 1266 :
607 1210 679 1265 solus
701 1223 818 1280 namque
833 1212 891 1280 ipse
941 1214 1070 1274 cogamus
1083 1206 1142 1279 cius
1152 1216 1226 1273 erat;
1241 1208 1289 1265 sed
1303 1210 1370 1264 nibil
1383 1210 1445 1265 hinc
1456 1210 1595 1277 utilitatisa
1608 1212 1655 1281 (1ΰί
1669 1226 1734 1267 idn·

110 1303 175 1359 clare
188 1302 261 1359 noivit
279 1318 310 1358 ea
327 1318 386 1373 qum
405 1303 490 1374 ipsius
510 1310 594 1357 sunt:
616 1302 676 1358 ideo
691 1302 810 1358 addidit:
826 1303 891 1371 Qui,
940 1293 975 1347 ab
990 1294 1048 1364 ipso
1059 1304 1087 1351 el
1098 1306 1191 1352 uatum
1205 1308 1233 1354 Θῑ
1247 1300 1330 1366 rrauia
1340 1299 1491 1370 disjunctus
1508 1312 1567 1356 eidi
1579 1317 1613 1357 ex
1627 1301 1733 1372 byblii!

109 1398 169 1450 euim
184 1398 296 1467 coqnooit
319 1406 427 1450 urentem
440 1394 564 1451 Domini?
576 1394 622 1452 dt.
642 1405 688 1449 ιιιιι
700 1397 756 1465 quis
769 1394 889 1449 consilia·

108 1488 156 1541 rius
166 1488 218 1556 ejus
235 1487 304 1558 fuit?
316 1487 361 1543 ts,
378 1496 423 1541 cut
433 1487 490 1555 quis
503 1487 573 1557 prior
585 1486 655 1540 dedit
667 1484 717 1550 ilii,
729 1495 754 1539 et
767 1484 888 1541 retribue-

107 1582 190 1635 tureii
202 1581 229 1635 ld
242 1590 292 1645 est,
302 1596 363 1636 cum
378 1590 431 1636 tam
440 1580 546 1649 sapiens
557 1579 602 1648 sit,
611 1594 664 1633 non
674 1580 708 1653 ab
717 1578 770 1633 alio
783 1580 889 1650 sapiens

105 1687 153 1745 est,
164 1676 208 1731 sed
218 1678 274 1747 ipse
284 1684 326 1731 est
338 1675 533 1731 iousbouornm
543 1691 550 1727 :
559 1673 639 1745 etqui
649 1682 719 1728 tanta
728 1674 889 1729 iecitaclar·

104 1770 169 1837 girus
179 1778 219 1823 est
231 1769 317 1835 uobis,
332 1784 385 1823 non
394 1769 427 1825 ab
435 1768 488 1823 alio
501 1778 636 1823 mutuatus
648 1766 829 1834 dedit,sedde
839 1782 888 1823 suc

102 1857 204 1923 alludit;
214 1874 263 1914 nec
275 1867 395 1915 mutuum
404 1859 486 1915 debet
496 1858 585 1922 alicui,
594 1858 668 1927 quasi
676 1859 710 1913 ab
726 1858 890 1925 illoaccene·

103 1950 145 2009 rit.
163 1949 208 2005 sed
222 1952 279 2021 ipse
292 1964 399 2021 semper
410 1948 601 2006 beneficiorum
614 1950 716 2021 priruus
729 1958 886 2005 auctorest.

132 2038 199 2094 Veroe
208 2040 301 2095 dicitius
309 2039 533 2112 quaenam-illm
544 2054 658 2111 namque
671 2056 739 2096 reum
750 2050 812 2095 suut
820 2040 887 2097 divi·

101 2133 152 2195 tiu,
162 2132 310 2188 redundare
324 2142 352 2188 et
365 2134 452 2189 alteru
465 2148 532 2203 opus
548 2147 599 2187 uou
616 2131 726 2187 lralrere.
740 2132 886 2203 Propterea

98 2223 229 2293 sulrjrrurit
240 2242 248 2279 a
261 2224 386 2289 Quoniam
397 2226 503 2295 exipro,
517 2235 540 2279 et
551 2241 595 2295 per
604 2225 688 2294 ipsum
696 2234 721 2278 et
730 2229 757 2277 in
765 2222 886 2294 ipsosunt

96 2314 188 2369 carmin.
204 2313 262 2384 lpse
276 2316 388 2378 inuenit,
403 2314 461 2385 ipse
475 2315 553 2382 iecit,
569 2316 625 2384 ipse
638 2324 800 2369 conseruat:
823 2330 883 2368 uam

96 2405 170 2459 diues
182 2414 231 2472 est,
244 2422 294 2462 uec
306 2422 373 2476 opus
396 2406 475 2463 habet
488 2416 516 2461 ut
529 2408 563 2463 alr
583 2408 673 2478 aliquo
692 2406 822 2478 accipiat;
839 2422 884 2462 sa·

94 2497 169 2563 picus
192 2505 242 2562 cst,
258 2512 290 2553 ac
310 2498 408 2553 nuliius
427 2513 509 2569 egeus
521 2498 644 2555 consiliu.
658 2499 725 2567 Quid
741 2499 802 2555 dico
816 2515 883 2555 corr-

92 2586 174 2642 eilioi
205 2586 288 2643 Nema
316 2604 479 2660 cognoscere
510 2599 598 2660 puteat
621 2608 682 2663 quas
707 2592 777 2647 illius
801 2604 883 2653 suut.

93 2677 146 2733 nisi
170 2679 227 2748 ipse
250 2680 325 2737 solus
339 2689 368 2736 et
391 2680 466 2737 diues
481 2689 508 2738 et
522 2683 638 2753 sapiens.
652 2682 739 2737 llultis
751 2683 882 2755 siquidem

93 2767 196 2824 divitiis
208 2770 354 2825 instructus
369 2780 422 2835 est,
443 2772 487 2843 qni
498 2771 620 2828 etiuricos
633 2772 669 2827 ita
684 2772 781 2827 diuites
791 2772 882 2829 reddi·

87 2860 130 2913 dit
142 2878 149 2925 ;
165 2860 246 2915 muita
257 2862 397 2933 sapientia,
412 2874 442 2919 ut
451 2878 498 2919 eos
509 2865 554 2933 qui
567 2862 667 2919 ludaeis
680 2864 758 2935 louge
770 2862 882 2920 iuferio-

86 2968 132 3006 res
155 2960 246 3018 eraut,
268 2952 423 3010 ludaeorum
445 2956 568 3011 doctores
587 2958 766 3013 constituerit.
783 2957 881 3013 Deinde

83 3054 231 3113 postquam
242 3044 429 3115 obstupuerat,
442 3047 586 3115 gratiarum
600 3048 732 3102 actionem
748 3049 829 3104 relect
841 3049 883 3104 di·

83 3152 170 3194 cens:
183 3136 237 3207 lpsi
258 3138 340 3210 qiorm
352 3140 378 3194 iu
396 3142 499 3196 saecuto.
515 3140 605 3196 Aurea.
619 3140 731 3210 Quando
741 3140 810 3198 enim
825 3158 881 3198 ma·

82 3247 169 3296 purum
183 3231 318 3302 quidpiam
330 3243 359 3288 et
371 3247 498 3289 arcanum
512 3233 586 3300 dicit,
598 3235 771 3291 mirabundus
784 3237 810 3290 iu
820 3237 880 3307 glo-

84 3325 158 3375 riam
174 3323 220 3378 [tei
235 3323 343 3378 desiuit.
357 3323 414 3380 lloc
428 3337 455 3380 et
468 3325 502 3380 de
514 3324 583 3381 Filio
596 3327 708 3396 loquens
721 3327 800 3383 iacit:
817 3344 878 3383 uam

85 3423 155 3465 rrrrrc
166 3426 272 3484 quoque
283 3413 430 3470 admiratus
441 3414 505 3471 iliud
517 3416 604 3486 ipsum
618 3417 689 3488 quod
704 3417 748 3474 iric
759 3419 878 3488 protero:

82 3503 128 3557 lin
153 3504 243 3573 quihus
267 3505 382 3562 Cirristus
395 3508 534 3562 secuudum
547 3526 669 3574 emnem,
689 3511 732 3579 qui
755 3520 881 3579 estsuper

78 3599 173 3650 orrruiu
185 3596 253 3653 Deus
268 3599 410 3654 benedictus
424 3600 451 3654 in
463 3601 566 3668 meula,
583 3619 656 3659 umen
670 3606 678 3674 l
695 3603 772 3658 llour.
785 3604 812 3660 9.
827 3603 878 3676 t).

118 3687 149 3742 8.
166 3687 208 3743 En
222 3700 354 3760 pareutum
365 3693 501 3748 virtutensi
512 3697 624 3765 nequitis
633 3697 698 3751 nihil
712 3699 750 3751 uei
763 3697 821 3752 boui
841 3698 881 3752 oei

76 3779 147 3832 rurali
157 3778 219 3848 filiis
229 3781 331 3849 accidit,
347 3783 369 3837 si
381 3783 583 3840 uelint-lluuc
592 3795 619 3841 et
633 3800 683 3841 uos
695 3787 838 3855 imitemur,
852 3797 880 3843 et

76 3871 184 3939 ubique
197 3871 279 3928 Deum
289 3873 467 3943 glorificemus
476 3891 526 3945 per
534 3879 614 3932 vitam
624 3880 706 3948 probe
720 3879 877 3950 institutam,

76 3977 135 4014 rrcc
145 3963 275 4030 majorum
287 3965 611 4032 virtutibusconddamus,
621 3968 774 4026 ludmorum
784 3987 877 4027 erem·

74 4054 129 4122 pin
141 4053 308 4112 commoniti.
315 4054 407 4128 Neque
417 4057 487 4112 euim
499 4069 665 4126 estuoucsr,
679 4061 797 4133 inquam,
806 4064 877 4132 apud

71 4143 254 4200 Christianos
268 4133 327 4202 talis
341 4149 474 4217 cognatio,
489 4150 535 4206 scd
546 4150 663 4208 aillrritas
677 4169 737 4223 quac
752 4169 800 4224 per
813 4153 876 4224 spi-

70 4237 164 4290 ritum
179 4247 231 4293 est.
248 4237 285 4293 lta
296 4241 368 4295 cuim
380 4243 421 4297 uel
432 4241 530 4314 Scytha
542 4245 656 4300 hbrahae
667 4245 738 4302 tilius
750 4247 875 4316 eflicitur,

66 4337 100 4382 et
116 4327 124 4380 i
130 4329 207 4396 psius
218 4331 288 4386 lilius
301 4347 316 4386 a
329 4331 436 4404 Scythae
451 4335 570 4390 moribus
582 4337 697 4392 alienior
709 4347 760 4392 est.
775 4339 813 4394 Ne
826 4339 877 4409 igi·

65 4431 119 4475 tur
136 4431 245 4492 patrum
257 4432 329 4481 recte
342 4426 418 4482 lactis
428 4427 594 4484 confidamus
607 4444 614 4492 ;
630 4427 678 4485 sed
692 4429 713 4484 si
725 4431 875 4488 mirabilem

65 4511 182 4566 habeas
210 4525 347 4582 parentem
360 4556 367 4576 ,
381 4531 416 4570 ne
432 4526 508 4586 putes
532 4517 557 4572 id
584 4518 630 4572 tibi
644 4515 750 4575 esse'ad
764 4522 875 4576 salutem

62 4605 156 4669 saris,
172 4617 220 4658 ant
237 4605 271 4659 ad
290 4607 419 4662 honorem
448 4618 475 4663 et
489 4611 613 4680 gloriam,
629 4613 679 4666 uisi
694 4617 814 4671 moribus
826 4618 875 4686 ipsi

62 4703 215 4764 cognatus
228 4695 310 4752 lucris
326 4715 333 4750 ε
349 4699 574 4768 quemadmodum
588 4713 615 4758 et
626 4705 647 4760 si
662 4715 764 4774 patrem
778 4708 876 4763 itabens

62 4785 253 4857 improbum,
279 4805 313 4844 uc
327 4798 405 4860 putes
418 4800 444 4846 te
458 4791 519 4848 ideo
530 4793 709 4852 damnandum
723 4808 769 4853 aut
783 4799 875 4854 detur·

63 4877 214 4944 paudum,
230 4879 253 4936 si
269 4887 312 4934 trra
328 4892 403 4938 recte
415 4899 570 4954 componas.
589 4887 657 4956 Quid
678 4887 749 4944 euim
767 4893 874 4961 gentili·

63 4970 128 5021 turs
140 4967 495 5037 ignominiosiusitlttamen
510 4975 546 5032 illi
558 4991 605 5046 per
616 4979 694 5036 lrdcm
705 4982 759 5036 cito
769 4992 875 5037 saucto-

59 5073 139 5112 rum
156 5064 265 5132 cognati
280 5067 450 5122 srmtellecti.
462 5068 530 5135 Quid
547 5069 647 5126 ludaeis
658 5082 716 5128 erat
731 5073 785 5128 ileo
797 5075 874 5130 latui-

60 5149 196 5204 iinrius?
206 5153 304 5208 ilerum
319 5155 354 5210 illi
369 5159 626 5217 obiucredulitatem
637 5163 714 5220 alicui
729 5165 789 5222 iacti
800 5177 874 5224 suut.

61 5239 123 5294 illa
139 5241 217 5297 enim
228 5247 350 5313 cognatio
370 5259 470 5304 natrrrcc
485 5261 526 5306 cst
546 5269 577 5309 ac
591 5255 767 5325 necessitatis,
780 5273 876 5312 sccrur·

57 5331 142 5386 ‹lurrn
160 5347 243 5403 quam
266 5351 359 5392 omnes
373 5341 476 5410 cognati
491 5358 582 5400 sumus
593 5362 601 5399 τ
613 5346 647 5400 ab
662 5347 764 5402 hdame
778 5352 876 5420 quippe

55 5437 179 5478 omues
193 5427 323 5496 progeniti
338 5444 439 5494 sumus,
455 5447 542 5504 neque
554 5437 623 5494 alius
637 5439 690 5494 alin
704 5441 762 5508 plus
775 5457 874 5513 coquu-

940 1385 1048 1449 eiuitate
1068 1386 1149 1457 (ιιι.
1163 1389 1208 1445 to.
1224 1391 1238 1445 l
1254 1392 1276 1461 l,
1312 1392 1362 1461 ipsi
1384 1402 1474 1449 tamen
1486 1394 1611 1450 omrribrrs
1624 1396 1734 1466 propin-

940 1476 1016 1546 quior·
1032 1478 1117 1534 lactus
1131 1490 1181 1535 cst.
1197 1481 1252 1536 Nos
1265 1498 1332 1554 crgo
1345 1500 1454 1555 quoqne
1468 1494 1622 1541 sauctorum
1636 1487 1684 1542 lilii
1696 1488 1730 1542 si·
1765 1554 1771 1565 .

940 1582 1009 1629 runs,
1025 1569 1078 1623 imo
1092 1571 1138 1626 liei
1151 1574 1207 1627 lilii.
1223 1574 1289 1628 Nam
1302 1576 1372 1646 quod
1385 1578 1520 1646 possimus
1532 1578 1577 1635 lilii
1590 1580 1730 1646 [tetemet.
1758 1569 1769 1622 Ῐ

938 1660 999 1713 andi
1013 1664 1146 1729 quomodo
1155 1664 1245 1722 dicat:
1261 1664 1348 1722 Estote
1359 1684 1419 1740 erpo
1434 1672 1549 1744 perfoeti,
1560 1681 1589 1727 nt
1603 1682 1675 1745 poter
1689 1691 1732 1730 rcn
1792 1724 1798 1739 .

938 1762 998 1821 ster,
1010 1756 1096 1824 quiesi
1106 1758 1211 1816 incertis
1224 1760 1235 1835 (
1246 1760 1340 1818 dorth.
1351 1765 1379 1820 ii.
1393 1764 1451 1836 18).
1466 1763 1529 1822 ideo
1539 1766 1645 1824 Patrem
1655 1768 1730 1828 ilium

939 1856 1078 1913 urracautes
1101 1864 1248 1916 necamus,
1263 1869 1312 1909 uec
1336 1855 1416 1911 morio
1439 1858 1573 1927 qratiam,
1587 1860 1729 1918 sedetiam

938 1937 1063 1994 uirtutem
1077 1954 1331 2013 commemoramus,
1347 1963 1381 2003 uc
1393 1949 1456 2018 quid
1468 1950 1606 2021 iudignum
1621 1952 1666 2008 tali
1679 1968 1728 2008 co·

937 2028 1063 2099 gnatiouc
1074 2030 1213 2090 iaciamus.
1230 2036 1265 2091 Et
1279 2039 1425 2107 quomedo,
1441 2042 1556 2110 inquies,
1570 2051 1659 2114 potest
1669 2046 1730 2117 quis

937 2134 997 2176 esse
1010 2122 1081 2177 iilius
1094 2124 1140 2180 liei
1152 2126 1165 2179 i
1177 2126 1206 2181 st
1219 2130 1343 2185 omuibus
1355 2130 1435 2188 luerit
1456 2132 1597 2191 obtutibus
1610 2152 1728 2204 vacuant

936 2211 959 2267 si
974 2224 1142 2270 mansuetum
1155 2232 1184 2272 se
1195 2202 1321 2275 esbibcat
1330 2236 1392 2293 erga
1402 2238 1461 2292 eos,
1472 2226 1516 2295 qui
1528 2227 1578 2281 sibi
1587 2236 1729 2285 contume-

936 2301 998 2357 liaru
1018 2305 1061 2359 rel
1085 2305 1210 2376 iujuriam
1237 2310 1356 2367 inierrmr
1369 2330 1377 2367 :
1392 2328 1454 2369 nam
1466 2326 1492 2369 ct
1507 2326 1583 2386 pater
1595 2328 1656 2373 tuos
1667 2322 1730 2377 tarn

935 2401 977 2449 est
991 2410 1053 2465 erga
1067 2410 1114 2452 eos
1127 2438 1135 2464 ,
1150 2401 1195 2471 qui
1209 2417 1239 2456 se
1254 2402 1417 2473 blasphemia
1433 2407 1576 2477 impetunt.
1592 2411 1654 2467 ldee
1666 2426 1727 2468 curn

935 2484 1010 2553 plura
1021 2502 1094 2554 saepe
1104 2487 1212 2558 dixerit,
1226 2508 1355 2565 unusquam
1368 2506 1458 2553 tamen
1470 2500 1518 2564 ait,
1533 2499 1566 2556 tu
1578 2503 1638 2557 sitis
1652 2502 1729 2559 sirni-

935 2574 973 2630 lcs
986 2575 1058 2631 Patri
1073 2590 1180 2647 restro,
1193 2582 1245 2637 nisi
1258 2584 1320 2637 crim
1335 2585 1418 2641 dicit:
1435 2586 1515 2642 Orate
1527 2607 1574 2660 pro
1587 2592 1728 2647 melariam

933 2670 1123 2741 inserentibus:
1142 2676 1203 2730 irene
1221 2677 1298 2747 indie
1307 2678 1351 2745 iis,
1369 2680 1414 2753 qui
1423 2696 1469 2735 cor
1478 2681 1585 2737 mmm
1597 2685 1606 2755 (
1620 2683 1689 2741 litu.
1699 2702 1725 2740 rr.

932 2762 967 2818 tt
979 2763 1004 2836 );
1030 2774 1092 2821 tuuc
1111 2765 1176 2821 illud
1199 2768 1280 2823 etiam
1308 2771 1410 2841 pramii
1424 2771 1554 2842 adjungit.
1570 2774 1640 2829 Nihil
1652 2777 1726 2833 euim

933 2854 968 2908 ita
983 2870 1033 2911 nos
1049 2858 1104 2913 lieo
1119 2859 1283 2931 propinquos
1296 2871 1324 2917 et
1337 2863 1438 2919 similes
1452 2864 1542 2929 elicit,
1557 2867 1725 2939 utboeprae·

931 2948 1031 3005 clarum
1044 2966 1122 3021 opus.
1138 2952 1201 3009 ldeo
1210 2954 1307 3010 Patrius
1318 2970 1378 3013 eum
1394 2957 1478 3013 dicit:
1492 2958 1726 3018 Estoteimitatcrrs

934 3040 980 3096 ilci
1000 3042 1118 3115 (Ephes.
1133 3047 1161 3103 5.
1178 3046 1189 3099 i
1204 3049 1236 3118 ις
1261 3046 1312 3103 lroc
1324 3049 1382 3118 ipso
1393 3050 1475 3105 modo
1487 3051 1556 3106 tales
1567 3065 1627 3108 esse
1635 3052 1723 3123 jubet.

966 3130 1137 3208 Eleeurospuo
1150 3138 1351 3198 commendatur.
1363 3170 1400 3184 ·-
1409 3140 1539 3200 Omnibus
1552 3152 1627 3200 certe
1645 3142 1725 3202 bonit

931 3227 1058 3296 operibus
1078 3245 1197 3301 egemus,
1217 3233 1334 3290 maxime
1346 3249 1412 3290 reru
1427 3235 1591 3292 humanitate
1604 3245 1632 3291 et
1645 3252 1724 3292 man·

931 3319 1083 3384 suetudine,
1097 3323 1224 3392 qnoniam
1238 3339 1287 3378 uos
1308 3325 1359 3396 ipsi
1377 3326 1460 3382 multa
1473 3341 1583 3398 egemus
1597 3327 1723 3386 humaui-

932 3408 1070 3464 rate.Nam
1081 3410 1107 3465 iu
1119 3411 1337 3484 multisquotidie
1348 3429 1503 3484 peccamus3
1514 3417 1630 3488 ideoque
1639 3418 1723 3483 multa

930 3515 1040 3571 egemus
1052 3503 1247 3561 misericordia.
1261 3505 1326 3562 Plus
1338 3520 1427 3565 autem
1447 3518 1493 3564 aut
1507 3510 1606 3577 minus,
1622 3527 1676 3567 nou
1688 3527 1721 3568 er

930 3594 992 3649 doni
1005 3612 1131 3652 mensura
1142 3599 1280 3668 penditur,
1290 3599 1337 3654 sed
1349 3617 1383 3656 ex
1399 3599 1528 3657 laenitate
1541 3601 1721 3673 largientium.

929 3682 969 3739 Ne
992 3687 1073 3757 igitur
1085 3688 1130 3743 rel
1149 3688 1224 3744 diues
1245 3689 1328 3743 altum
1344 3691 1439 3760 sapiat,
1454 3692 1495 3747 rel
1511 3707 1613 3762 pauper
1631 3693 1723 3747 animo

929 3777 1081 3848 dejiciatur,
1095 3779 1166 3850 qued
1191 3797 1274 3851 pauca
1299 3792 1416 3853 eroget:
1439 3799 1513 3853 saepe
1537 3801 1652 3856 uanaque
1677 3785 1723 3841 irie

930 3872 989 3941 plns
1001 3887 1080 3943 qrram
1095 3873 1140 3929 ille
1154 3872 1237 3930 dedit.
1254 3874 1312 3929 Nou
1328 3885 1434 3945 oportet
1456 3891 1521 3947 ergo
1540 3893 1572 3934 se
1592 3877 1721 3933 miserum

925 3957 1083 4020 'existimare
1097 3979 1208 4036 propter
1221 3976 1403 4038 paupertatem
1420 3987 1428 4021 ι
1448 3967 1475 4022 id
1489 3969 1561 4024 enim
1575 3968 1720 4024 iaciliorena

928 4057 1007 4112 nobis
1021 4057 1109 4113 reddit
1118 4059 1328 4130 eleemosynam.
1341 4060 1411 4115 liam
1425 4061 1470 4130 qui
1484 4061 1567 4114 multa
1589 4060 1719 4130 possidet,

928 4156 956 4200 ct
967 4150 1121 4217 arrogantia
1140 4159 1167 4204 et
1186 4150 1302 4219 plurium
1325 4151 1543 4220 coucupiscentia
1566 4151 1718 4208 detinetur:

928 4241 972 4310 qui
984 4255 1050 4295 uero
1061 4256 1145 4310 pauca
1158 4241 1248 4307 lrabct,
1258 4243 1293 4297 ab
1304 4241 1355 4296 bac
1371 4251 1483 4312 utraque
1495 4242 1565 4297 litter
1577 4251 1620 4299 est
1630 4253 1720 4316 tyran·

928 4333 1005 4398 nide;
1029 4333 1142 4402 ideoque
1165 4335 1255 4405 plores
1281 4334 1362 4390 lrabet
1383 4335 1452 4390 bene
1467 4334 1581 4391 laciendi
1601 4337 1720 4392 uecasie-
1788 4373 1790 4390 2

928 4437 985 4478 nes.
1011 4421 1119 4479 Etenim
1140 4425 1184 4480 hic
1206 4423 1285 4480 lacilc
1304 4425 1331 4479 iu
1345 4440 1481 4481 carcerem
1503 4442 1534 4482 sc
1554 4425 1676 4494 coniert,
1691 4436 1721 4481 et

927 4523 1042 4584 aguntus
1061 4517 1158 4580 visitat,
1174 4529 1319 4586 potumque
1338 4532 1415 4588 aquae
1437 4517 1540 4589 trigidae
1561 4517 1628 4574 dat:
1643 4519 1719 4575 diues

927 4623 993 4663 uero
1008 4609 1074 4662 nihil
1092 4625 1185 4664 coruru
1208 4611 1347 4679 suscipiet,
1364 4609 1466 4674 diuitiis
1486 4625 1582 4682 nempe
1590 4612 1652 4698 'suis
1675 4614 1718 4666 iu·

927 4697 1016 4754 ssatus.
1030 4698 1071 4755 lie
1086 4703 1176 4771 itaque
1197 4701 1288 4755 auimo
1306 4701 1434 4758 concidas
1455 4702 1491 4758 ob
1515 4709 1717 4771 paupertatem·¹

928 4803 989 4844 uam
1004 4791 1051 4847 tibi
1066 4793 1258 4848 commercium
1283 4809 1344 4850 cnm
1368 4810 1453 4866 reguo
1472 4796 1599 4850 calorum
1616 4793 1720 4850 lacilirrs

928 4881 1015 4937 reddit
1040 4893 1192 4956 paupertas.
1208 4883 1321 4952 Quodsi
1336 4886 1403 4940 uibil
1418 4886 1528 4950 babeas,
1544 4884 1591 4941 sed
1615 4883 1718 4940 condo·

928 4977 1025 5029 lentem
1037 4984 1138 5030 tantum
1149 4977 1284 5030 animam:
1301 4977 1380 5047 huius
1390 4993 1496 5049 quoque
1507 4977 1545 5032 rei
1556 4977 1604 5031 tibi
1615 4989 1720 5031 memes

928 5079 1082 5135 reponetur.
1112 5069 1173 5122 lrlco
1197 5068 1277 5137 jussit
1293 5069 1390 5123 Paulus
1414 5068 1481 5123 llere
1505 5083 1565 5122 curu
1592 5065 1720 5124 flentibus
1793 5115 1801 5141 Ι

928 5159 1016 5218 iliona
1033 5159 1076 5213 lh.
1094 5159 1151 5229 15),
1173 5168 1198 5213 ct
1214 5175 1275 5215 cum
1300 5160 1397 5214 uinctis
1416 5159 1495 5214 simul
1518 5160 1622 5213 rinctus
1646 5171 1718 5212 esse.

927 5251 1018 5321 ireque
1032 5252 1104 5306 cuim
1130 5251 1254 5308 [lentibus
1276 5261 1378 5306 tantum
1393 5251 1535 5322 quamdam
1557 5250 1720 5306 consolatio-
1753 5256 1755 5261 '

929 5358 989 5398 uem
1004 5343 1092 5409 alleri,
1106 5345 1128 5399 si
1143 5346 1243 5398 multus
1256 5343 1432 5399 corrriolcutcs
1446 5343 1560 5408 lrabeat,
1578 5341 1720 5396 sedetiam

928 5435 988 5490 aliis
1016 5437 1061 5504 qui
1089 5437 1117 5492 in
1141 5436 1293 5492 calamitate
1322 5447 1464 5492 uersaatur
1489 5453 1496 5488 ε
1523 5435 1621 5491 cteuiur
1651 5451 1720 5489 nou-

55 5513 163 5566 rionis
180 5514 275 5578 habet.
297 5519 355 5575 siue
370 5520 403 5576 ud
417 5523 549 5581 adamum
565 5529 622 5583 siue
636 5529 668 5584 ad
682 5530 737 5586 Noe
749 5543 874 5600 spectes,
929 5542 1074 5597 ntrurqnam
1095 5527 1236 5584 acciditur
1254 5528 1446 5583 corrsolatiouis
1459 5541 1549 5583 sermo
1563 5527 1623 5596 plns
1646 5525 1722 5581 laho-

53 5597 133 5650 sive
148 5597 187 5652 ad
205 5610 303 5658 terram
314 5606 433 5661 omnium
447 5618 559 5666 matrem
576 5629 582 5665 :
597 5615 719 5683 cognatio
730 5625 821 5671 autem
832 5619 875 5672 ilia
930 5631 1033 5678 cautem
1046 5631 1161 5689 recreet,
1178 5637 1257 5693 qoam
1272 5621 1402 5691 pecuniae.
1419 5620 1482 5677 idco
1493 5622 1564 5675 euim
1587 5619 1658 5675 [lens
1673 5635 1720 5688 pc·

53 5689 193 5744 coronis
207 5689 285 5763 digua
297 5708 328 5751 ea
344 5706 394 5758 cst,
407 5715 467 5768 quac
478 5716 528 5756 nos
540 5701 680 5775 distinguit
693 5707 726 5761 ab
736 5708 874 5778 improbis.
929 5715 1022 5770 eunias
1035 5715 1116 5785 jussit
1141 5713 1234 5786 egenis
1260 5714 1361 5786 largiri,
1379 5732 1431 5769 uuu
1455 5713 1536 5770 modo
1559 5727 1587 5767 or
1614 5715 1720 5768 iiiorrrru

53 5779 134 5833 Non
163 5782 239 5836 euim
264 5800 374 5854 possunt
398 5789 875 5872 hieomaoscsscrugrrati,scdqrri
930 5807 1079 5876 paupertati
1103 5805 1276 5869 subrenirct,
1301 5807 1349 5861 sed
1374 5816 1403 5861 ut
1428 5805 1509 5882 eriam
1540 5819 1591 5861 nos
1612 5805 1723 5862 doceret
