4084 6350
840 983 894 1042 sn
914 982 1109 1049 nouimus
1210 1032 1213 1036 -

622 1149 681 1232 lN
706 1151 857 1237 ACTA
889 1158 1324 1250 APOSTOLoRUM

505 1339 1444 1426 --·------····ῶῙ·-··κ’····’,.3ιι----“---ψ

200 1461 237 1522 ln
250 1460 374 1522 nullum
385 1461 555 1524 incidimus
568 1465 598 1526 S.
607 1467 741 1530 loannis
752 1468 969 1550 chrysostomi
982 1491 1076 1552 opus,
1089 1495 1107 1541 a
1119 1489 1271 1548 consueto
1286 1491 1317 1546 et
1327 1486 1465 1567 eleganti
1477 1492 1556 1552 tanti
1567 1493 1697 1558 artificis
1709 1501 1736 1560 st
1759 1500 1791 1562 la

160 1541 206 1602 ita
220 1539 417 1612 alicnum,ut
432 1548 506 1603 sunt
521 1542 667 1606 Homiliae
681 1548 714 1606 in
730 1549 988 1614 dctallactcnus
1002 1555 1158 1621 orationis
1174 1562 1330 1640 poliendae
1344 1571 1376 1626 ct
1390 1569 1541 1632 ornanda
1556 1577 1719 1636 auctorem
1736 1519 1792 1639 do-

159 1618 410 1696 cupletissimum
422 1620 574 1694 vidimus3
586 1623 638 1684 hic
648 1629 810 1687 oratorem
821 1631 1034 1709 conspicimus
1046 1635 1236 1716 plerumque
1246 1641 1411 1718 hundium,
1420 1645 1579 1738 jejunum,
1592 1650 1790 1730 intricatum

159 1696 262 1756 sicubi
277 1700 385 1757 autem
396 1699 566 1775 pristinum
577 1703 768 1781 eloquentiae
781 1707 915 1784 gradum
930 1717 1083 1784 resumat,
1096 1717 1230 1778 subinde
1239 1721 1351 1782 recidit
1361 1723 1393 1782 in
1409 1727 1450 1787 ab
1464 1731 1792 1813 ectumhtstrigosuus

155 1774 282 1834 dicendi
298 1775 438 1835 modum.
451 1777 534 1839 llinc
548 1782 679 1843 suborta
700 1783 857 1846 dissensio
873 1785 932 1847 luit
947 1787 1031 1849 inter
1042 1793 1168 1856 criticos
1180 1841 1188 1868 ,
1201 1795 1273 1858 aliis
1290 1744 1547 1867 homiliashasce
1561 1807 1790 1889 chrysostomo
1837 1835 1841 1844 ·

158 1853 211 1911 sel
227 1853 483 1931 abjudicantibus
499 1857 547 1917 vel
564 1865 599 1918 ut
614 1867 777 1937 suspectas
791 1862 993 1940 habentibus3
1004 1869 1076 1930 aliis
1088 1871 1204 1936 illasut
1217 1879 1518 1960 omniuoelegantes
1535 1883 1789 1966 defendentibusy

157 1930 243 2003 aliis,
253 1932 370 2008 quibus
394 1950 451 1993 nos
467 1935 701 2014 adstipulamur
712 1985 721 2009 ‚
732 1941 921 2021 plerumque
936 1945 1073 2008 incultas
1091 1950 1162 2013 illas
1175 1996 1184 2024 ,
1196 1955 1418 2034 sedycnuinos
1433 1966 1464 2021 et
1483 1979 1557 2024 vere
1572 1964 1789 2104 chrysostomi

158 2025 227 2069 esse
238 2011 466 2088 pugnantibus.
476 2013 515 2074 Ut
523 2021 629 2076 autem
640 2017 750 2079 ordine
761 2022 913 2098 quopiam
923 2025 1125 2102 procedatur,
1133 2031 1235 2108 primo
1247 2036 1411 2097 variorum
1423 2043 1587 2104 sententias
1597 2063 1631 2106 rc
1645 2056 1787 2126 crentur,

155 2086 233 2148 hine
245 2095 386 2150 veterum
399 2092 591 2162 testimonia,
603 2095 715 2158 deinde
725 2097 802 2176 quid
812 2115 916 2162 causae
926 2101 1020 2163 luerit
1031 2103 1235 2186 indagabitur
1243 2129 1301 2172 cur
1310 2113 1554 2194 chrysostomus
1563 2121 1668 2188 hiulca
1679 2127 1789 2214 huius,

158 2165 243 2225 modi
255 2172 287 2228 et
299 2166 419 2230 inculta
432 2169 601 2232 invexerit.
613 2173 797 2253 ibidemque
806 2184 967 2240 asseretur
975 2184 1155 2258 yenmnttas
1165 2189 1272 2264 operis
1288 2196 1353 2252 tam
1368 2211 1408 2254 ex
1426 2201 1569 2259 veterum
1584 2204 1786 2282 testimoniis,

181 2259 254 2305 uam
269 2263 309 2306 ex
324 2244 379 2316 iis,
419 2263 468 2308 uae
483 2249 551 2326 ipse
565 2249 809 2330 chrysostomus
827 2274 899 2320 cum
915 2258 1010 2320 solita
1026 2261 1209 2340 eloquentia
1224 2269 1344 2346 passim
1360 2272 1539 2348 interserit,
1557 2282 1696 2346 maxime
1714 2305 1788 2348 cum

153 2261 195 2382 de
209 2323 350 2384 moribus
366 2263 575 2390 taionnacus
590 2331 707 2408 agitur.
722 2331 857 2394 Densum
872 2334 911 2396 de
925 2353 1012 2429 anno
1029 2338 1202 2408 disseretur
1216 2364 1282 2429 quo
1297 2349 1344 2411 ha
1359 2351 1498 2418 homiliae
1508 2355 1598 2422 dicta
1613 2359 1713 2438 luero,
1729 2366 1788 2434 sd.

149 2399 274 2480 junctis
286 2402 478 2480 quibusdam
493 2405 531 2466 ad
549 2424 615 2468 rem
630 2409 774 2470 causdem
791 2414 1037 2490 pertinentibus.

440 2503 655 2567 decentiorem
668 2508 860 2586 scriptorum
873 2515 983 2592 opinio
999 2519 1084 2581 eirea
1096 2519 1185 2584 hasce
1197 2525 1232 2585 in
1245 2526 1324 2588 Aeta
1339 2531 1506 2596 llomilias.

194 2601 386 2664 Nemoeerte
398 2604 572 2667 tractandis
584 2605 801 2686 chrysostomi
812 2614 938 2692 scriptis
948 2625 1095 2684 assuctus
1107 2639 1171 2684 non
1184 2625 1331 2703 fateatur,
1344 2632 1394 2694 hic
1408 2633 1669 2716 chrysostomum
1687 2651 1787 2717 multa

150 2677 318 2740 effundere
333 2680 401 2741 sine
415 2680 559 2755 delectu,
576 2701 678 2762 caque
693 2687 826 2760 inculta,
843 2707 881 2754 ac
894 2695 1085 2778 plerumque
1107 2704 1271 2782 perplexa,
1290 2709 1354 2771 imo
1370 2729 1616 2796 nonnumquam
1633 2723 1740 2790 lacera
1754 2737 1787 2792 et

151 2757 282 2828 hiulca,
299 2757 439 2820 maxime
454 2762 574 2821 veroin
591 2766 782 2827 concionum
796 2773 974 2852 principio,
990 2783 1022 2840 et
1036 2797 1109 2840 cum
1122 2782 1235 2846 allatos
1247 2785 1417 2866 Scripturte
1432 2796 1607 2860 versiculos
1633 2805 1784 2881 explicat,
1841 2773 1848 2792 ι

152 2835 249 2912 idque
262 2839 312 2896 sat
323 2835 433 2913 jejune
446 2842 476 2897 ct
490 2840 637 2901 erilitcrs
649 2851 679 2903 ct
693 2847 748 2906 ubi
761 2847 828 2924 jam
843 2853 1005 2930 explicata
1020 2859 1171 2932 resumit,
1184 2861 1245 2925 hoe
1257 2866 1306 2927 vel
1325 2869 1420 2933 simili
1439 2875 1603 2950 premisso
1618 2879 1719 2956 dicto,
1733 2887 1786 2950 scd

150 2912 320 2992 superiora
334 2921 624 2996 repetamssssquod
638 2922 678 2982 ad
694 2939 847 2986 nauscam
869 2947 972 3010 usque
986 2939 1111 3014 repetit.
1129 2939 1194 3002 llas
1210 2941 1358 3008 homilias
1377 2967 1449 3009 cum
1470 2953 1581 3019 Latine
1599 2959 1786 3028 conuertere

149 2991 299 3068 cupisset
309 2991 481 3064 Erasmus,
497 2999 585 3058 tanto
599 2997 731 3062 allectus
745 3004 836 3065 trodio
850 3006 930 3083 iuit,
946 3017 982 3074 ut
998 3016 1032 3074 in
1050 3017 1183 3094 epistola
1197 3021 1337 3097 quadam
1358 3027 1395 3089 ad
1422 3030 1622 3111 Tonstalluny
1646 3040 1785 3121 Anglum

149 3068 221 3130 hec
234 3071 387 3131 scriberet
397 3091 406 3130 r
418 3072 476 3132 Ea
487 3073 706 3154 chrysostomo
716 3082 751 3140 in
764 3083 843 3144 Acta
854 3097 1004 3152 verteram
1016 3093 1159 3157 homitias
1174 3100 1248 3160 treis
1259 3122 1270 3162 :
1283 3103 1372 3185 cajus
1384 3125 1484 3187 opera
1493 3115 1702 3192 mepaeaituit,
1715 3139 1786 3185 aune

149 3144 205 3210 hie
218 3147 299 3209 nihii
313 3148 446 3210 uiderem
458 3151 678 3232 chrysostomi.
691 3159 759 3221 Tuo
773 3169 874 3227 tamen
883 3165 1011 3231 hortatu
1024 3176 1127 3253 recepi
1141 3176 1274 3240 codicem
1288 3182 1322 3243 in
1336 3204 1477 3249 manum:
1487 3192 1540 3252 sed
1548 3192 1629 3257 nihii
1640 3212 1785 3279 umquam

153 3224 214 3305 leyi
231 3226 402 3289 indoctius.
420 3229 543 3291 Ebrius
563 3252 600 3294 ac
613 3242 744 3300 stertens
756 3242 920 3305 scriberem
932 3249 1071 3313 meliora.
1087 3254 1191 3315 Habet
1210 3258 1346 3339 sriyidos
1358 3266 1529 3331 sensicnlos
1543 3318 1549 3339 ,
1565 3291 1621 3335 nec
1635 3294 1684 3337 eos
1707 3282 1785 3341 satis

150 3304 306 3365 commode
310 3313 414 3384 potest
426 3309 595 3386 explicare.
607 3312 642 3373 ln
654 3316 839 3391 praelatione
853 3328 959 3387 autom
971 3327 1223 3409 interpretationi
1590 3396 1597 3421 ,

148 3382 360 3445 subdubitare
375 3402 410 3445 se
428 3386 526 3461 dixit,
539 3390 631 3463 Quod
646 3394 745 3471 stylus
758 3395 881 3461 haberet
894 3406 1052 3469 concisum
1068 3411 1216 3489 quiddam
1236 3423 1263 3476 et
1286 3418 1470 3501 abruptum:
1484 3425 1519 3487 id
1532 3430 1616 3511 qaod
1637 3452 1657 3493 a
1672 3436 1788 3514 phrasi

147 3460 366 3552 chrysostomi
379 3464 504 3557 ridetur
516 3466 663 3555 alienum.
676 3472 714 3533 Si
723 3474 809 3536 docti
820 3485 921 3542 tamen
935 3486 1099 3579 mnsehnnt
1113 3508 1191 3569 opus
1201 3494 1420 3591 chryspstomo
1432 3502 1571 3595 (liquam,
1587 3509 1785 3583 libenterhos

149 3539 1228 3713 tttttdh‘idthtttttrtthiitti‘tthttett'tilithi
1239 3578 1785 3748 atthatrichias!

148 3700 326 3757 sostomum
337 3716 412 3759 vere
422 3701 550 3781 sapiant
561 3709 593 3764 ct
603 3711 692 3767 tanto
704 3707 833 3774 doctore
844 3716 938 3796 dignu
953 3722 1027 3782 sint.
1039 3722 1121 3786 Hulc
1132 3730 1298 3807 subjunxit
1313 3734 1449 3799 Savilius
1464 3740 1783 3829 iacobum'liilliuni,

147 3774 213 3913 tt.
222 3775 778 3944 Eithaatttitttthahth
788 3792 993 3940 thath
1008 3805 1520 3958 ⁸tlttiliththhtldr*
1535 3830 1785 3973 iiiiii}

149 3898 308 4023 lroc’opus
322 3931 537 4014 chrysostomi
555 3957 642 4012 esse,
657 3944 712 4037 scd
724 3914 902 4041 aits’catere
918 3898 1054 4031 mandri,
1066 3964 1098 4021 et
1112 3920 1211 4025 videri
1227 3986 1268 4028 ex
1282 3968 1418 4035 dirersis
1433 3920 1783 4067 lturidorumzdddds
1831 4017 1834 4023 ¹

146 4016 419 4074 consarcinatum.
434 4013 632 4095 Demumque
647 4038 739 4085 suam
750 4026 890 4093 Sarshus
907 4034 999 4097 alieri
1010 4038 1206 4116 opinionem,
1220 4046 1329 4125 aitque
1344 4068 1425 4130 opus
1440 4057 1569 4132 quidem
1582 4064 1784 4131 salebrosum

149 4091 182 4147 et
196 4088 384 4165 perplexum
403 4108 473 4153 esse
483 4138 491 4166 ,
503 4110 541 4155 ae
555 4098 656 4162 multa
671 4100 790 4166 habere
804 4126 870 4169 non
883 4114 960 4173 satis
972 4128 1140 4187 accurata:
1154 4123 1208 4183 sed
1224 4128 1369 4202 quaedam
1387 4136 1506 4209 passim
1523 4140 1593 4199 auri
1614 4152 1781 4221 ramenta,

146 4180 222 4243 quse
236 4167 366 4241 nonnisi
381 4171 422 4229 ab
441 4178 540 4235 aurea
553 4174 608 4239 illa
621 4196 704 4242 vena
718 4199 851 4247 manare
862 4195 1053 4265 potuerunt;
1066 4195 1259 4278 demumque
1275 4222 1357 4285 opus
1372 4226 1448 4271 vere
1467 4212 1686 4298 chrysostomi
1712 4244 1784 4295 csse

145 4245 346 4380 pronuntiat.
362 4246 437 4307 Huc
446 4253 611 4328 carptima
624 4276 675 4318 mc
688 4259 866 4337 dictasunt,
880 4270 958 4344 quia
967 4272 1077 4334 Savilii
1089 4275 1149 4337 hae
1160 4278 1199 4339 de
1212 4298 1247 4341 re
1258 4288 1449 4351 seutentiam
1465 4290 1541 4369 ipsis
1554 4300 1659 4361 verbis
1676 4303 1707 4363 in
1719 4304 1782 4373 tine

171 4322 282 4385 u'usce
304 4324 502 4389 Pruiationis
522 4330 638 4395 alierre
660 4338 787 4400 animus
804 4348 863 4403 est.
876 4346 950 4409 llaec
965 4367 1037 4411 cum
1053 4356 1226 4431 sagacitate
1244 4365 1275 4421 et
1294 4368 1500 4430 accuratione
1516 4376 1609 4439 solita
1624 4390 1783 4447 memorat

144 4400 185 4460 ‘ii
199 4402 370 4465 lemontius
380 4448 388 4475 ‚
400 4408 432 4465 et
443 4405 518 4468 lieet
532 4411 642 4473 multis
655 4414 690 4473 in
707 4416 785 4483 locis
804 4422 980 4500 neglectam
994 4432 1192 4505 orationem,
1850 4453 1854 4464 ’

128 4486 132 4492 ’
147 4476 272 4541 hiulcas
283 4484 456 4546 sententias
470 4495 636 4577 agnoscah
649 4494 750 4557 multa
765 4502 871 4561 tamen
887 4502 921 4562 in
938 4506 1050 4569 ethicis
1067 4511 1254 4578 admiranda
1269 4528 1425 4597 recenset,
1437 4528 1489 4589 cui
1507 4534 1538 4590 et
1556 4550 1613 4596 nos
1627 4536 1688 4601 hac
1701 4542 1733 4602 in
1747 4562 1782 4609 re

147 4555 380 4635 adstipulamur
391 4580 399 4620 ι
409 4561 642 4645 adjicimusquc
652 4589 717 4632 non
733 4577 851 4639 multas
862 4597 934 4643 esse
943 4586 1028 4661 apud
1039 4586 1302 4669 chrysostomum
1313 4604 1484 4668 conciones
1493 4609 1702 4681 informandis
1715 4640 1784 4683 mo·

144 4634 237 4697 ribus
249 4636 400 4713 aptiores.
418 4642 539 4704 Harum
553 4662 631 4707 vcro
647 4653 880 4727 ymainitotem,
893 4669 1010 4737 prester
1022 4682 1072 4738 ea,
1088 4686 1161 4745 quse
1175 4670 1326 4750 diximus,
1339 4684 1477 4757 probant
1492 4690 1587 4754 etiam
1600 4698 1783 4765 testimonia

145 4717 291 4776 veterum
306 4732 381 4777 mor
398 4720 580 4797 adferenda,
592 4743 652 4789 nec
665 4746 730 4793 nau
745 4730 801 4796 illa
816 4752 890 4814 quas
902 4738 942 4802 de
956 4758 1045 4808 auno
1059 4763 1125 4825 quo
1141 4748 1231 4814 dictas
1246 4754 1351 4821 illata

143 4808 276 4871 quoque
290 4793 368 4873 ipsis
382 4799 617 4881 subjungenda.
1101 4834 1103 4839 ·

368 4896 512 4960 Veterum
526 4903 703 4968 testimonia
716 4908 753 4972 de
764 4910 813 4973 his
824 4912 973 4990 homiliis,
989 4939 1057 5003 qua
1071 4922 1181 4990 harum
1197 4934 1420 5010 yenninitatem
1430 4946 1580 5025 probant.

184 4991 246 5065 Qui
260 4994 382 5071 primus
396 4996 458 5058 hoc
471 4999 690 5081 chrysostomi
714 5026 795 5089 opus
819 5034 1014 5084 memorasse
1029 5028 1179 5103 putatur,
1196 5036 1244 5093 est
1258 5034 1487 5121 Cassiodorus,
1552 5052 1559 5067 ‘
1595 5053 1601 5069 ⁸

117 5083 120 5088 ⁴
142 5070 183 5134 Τ.
198 5070 236 5140 2,
247 5088 279 5149 p.
291 5072 349 5132 bib
362 5094 370 5132 :
381 5076 442 5137 Sed
460 5080 494 5139 in
508 5080 638 5145 Actibus
651 5088 875 5167 Apostolorum
888 5098 923 5159 S.
937 5100 1077 5165 loannis
1090 5107 1231 5189 episcopi
1253 5114 1278 5175 c

345 5466 350 5477 Ι
602 5475 608 5488 1
701 5420 755 5481 yus
778 5412 943 5483 praemisso
967 5419 1097 5483 nomine
1119 5421 1151 5483 iu
1176 5426 1378 5497 Occidentem
1401 5440 1534 5505 allatum
1559 5447 1669 5515 tuisse.
1688 5458 1783 5525 Hunc

143 5470 410 5525 commentarium
431 5469 541 5535 laudat
566 5481 663 5537 ctiam
686 5480 827 5546 ioannes
851 5488 1090 5572 Daniascenus‚
1109 5506 1144 5561 ut
1169 5504 1306 5572 Savilius
1327 5520 1358 5576 et
1380 5516 1602 5590 Tillemoutius
1619 5534 1780 5613 reseranti

143 5540 362 5683 ffiffiyius
383 5560 516 5625 quoque
531 5550 799 5625 Enarratiuuibus
812 5565 845 5626 in
861 5570 939 5633 dcta
954 5576 1183 5654 Apostolorum
1200 5604 1264 5647 non
1284 5594 1383 5657 semel
1401 5600 1546 5677 quedam
1564 5625 1606 5677 ex
1623 5610 1684 5692 hoq
1697 5616 1783 5681 libro

181 5697 314 5762 rhetias
325 5716 402 5761 vero
412 5700 445 5764 iu
460 5703 656 5793 Bibliotheca
670 5732 729 5779 sua
745 5718 781 5779 N.
798 5738 922 5804 carru,
937 5748 968 5809 p.
983 5732 1053 5811 386,
1071 5740 1124 5801 ubi

1141 5742 1178 5805 dc
1194 5714 1341 5814 llomiliis
1354 5753 1385 5815 in
1402 5757 1550 5825 Genesim
1565 5768 1642 5847 agit,
1661 5772 1727 5845 hoec
1743 5776 1785 5849 clq

274 5798 311 5867 S.
333 5802 424 5868 lusu.
447 5806 623 5874 cunrsosr.
645 5814 703 5881 tx.

1506 5862 1608 5957 ten-t
