4084 6350
169 310 225 367 m
596 311 598 316 ’
858 300 902 357 bd
920 300 1105 361 cultibili.
1749 312 1805 375 m

168 421 274 491 uestipia
286 435 342 474 meu
355 416 440 489 (Prot.
458 414 501 473 tu.
515 414 556 485 5).
582 414 655 485 Fuge
668 414 749 472 nnn
763 420 791 471 ct
805 412 954 487 spatiosam
1008 414 1053 489 ll.
1062 415 1122 471 Cor.
1137 414 1164 473 9.
1177 414 1223 471 aa.
1237 415 1295 486 27).
1322 414 1407 473 Curre
1420 416 1510 489 igitur,
1527 429 1555 475 ut
1567 424 1796 491 coutprobendns:

169 492 250 557 uiam,
276 504 336 561 quac
357 488 431 543 ducit
443 486 476 543 ad
495 483 689 557 perditionem:
712 489 805 555 accipe
827 484 957 540 baculum
1008 500 1096 557 puppa
1110 494 1137 541 et
1151 495 1237 555 certa,
1251 494 1280 543 ut
1293 484 1429 543 inimicum
1445 488 1552 544 uineas:
1576 499 1602 547 te
1614 494 1675 549 oleo
1689 498 1798 565 primatie

169 560 294 630 Spiritus,
307 558 353 629 qui
364 557 430 614 duas
442 572 486 613 res
506 554 599 622 eflicit,
614 555 642 612 in
657 554 700 611 via
722 554 881 612 insidentem
895 562 953 612 tor·
1008 572 1092 627 unge:
1106 556 1190 611 babes
1203 552 1376 613 certaniinua
1393 558 1511 629 patribus
1528 559 1575 616 tibi
1592 563 1702 622 relicta:
1718 558 1792 627 ¹assu-

170 641 276 686 tuosuru
299 629 442 685 draconem
456 626 597 692 interimit,
613 635 642 682 et
664 632 690 691 te
710 623 951 681 intentationibus
1008 624 1797 715 mellopsi'sobliuioneminjuriarutu,iuscplrlcastitatem,

169 701 286 757 solutum
299 708 327 758 et
344 697 484 753 cadentem
498 704 639 753 sustentat.
664 693 717 750 Fer
737 694 853 749 oblatam
866 702 953 751 teuta·
1009 694 1116 752 Doridis
1138 696 1379 763 mansuetudinem,
1405 698 1470 755 Elim
1492 698 1684 773 virginitatem,
1706 706 1804 779 Fpiepii

170 771 290 835 tionem;
312 766 335 823 si
359 766 488 838 premaris
511 766 565 833 siti,
591 764 624 821 ad
649 764 826 820 immortalem
854 762 955 819 iontem
1005 765 1148 835 leonium,
1173 764 1249 823 isaim
1261 776 1454 841 paupertatem,
1478 770 1594 829 Pautict
1618 773 1691 831 Petri
1707 777 1799 838 ludent,

169 839 305 895 coriscum
320 853 415 903 curre;
431 838 453 892 si
466 838 580 902 esurias,
627 835 786 896 trennniuum
820 848 960 900 nereum
1007 834 1390 895 Ciristicaritutem:utcum
1405 838 1433 896 iu
1455 840 1800 913 onuribuspulpbpeepnp.

170 908 258 965 fdisds
271 909 373 975 ldbdfe·
386 921 456 965 “dle
467 906 547 963 ceddss
560 922 592 959 ιθ
605 905 738 987 dltidbbds
750 850 895 966 emtihdds.
908 904 956 987 sed
1008 906 1092 975 ueris,
1105 906 1224 963 uictoriae
1238 906 1328 963 brunin
1341 924 1373 963 ex
1387 924 1467 965 manu
1495 910 1542 967 bei
1554 912 1680 983 accipias.
1699 908 1802 979 'Pastor

172 984 243 1046 uires
263 992 370 1035 assume
391 976 442 1033 niae
466 977 610 1033 terminum
630 975 733 1043 rudens,
758 988 790 1029 ac
804 988 915 1043 sperans
929 990 955 1029 un
1008 990 1039 1033 es
1051 976 1251 1033 rationabilium
1273 977 1374 1035 Christi
1387 978 1494 1035 ouiumi
1511 981 1581 1037 Ores
1594 982 1622 1039 in
1635 988 1710 1042 enula
1730 1003 1797 1044 epp.

171 1064 254 1131 reguo
267 1048 394 1103 catorum
404 1046 484 1101 vitam
495 1045 649 1117 augrimum
662 1045 722 1101 vitre
737 1058 838 1125 parom.
855 1042 971 1125 llcdiue·
1008 1060 1100 1117 grego,
1115 1056 1236 1103 errantes
1248 1048 1341 1116 reduc,
1357 1050 1485 1105 contritas
1497 1050 1586 1122 alliga,
1608 1069 1623 1108 a
1638 1054 1701 1127 lnpp
1715 1058 1801 1115 lupia.

169 1134 331 1180 ammarum,
354 1131 415 1173 seca
451 1116 522 1171 ladio
542 1114 659 1187 Spiritus
679 1124 808 1171 tumentia
827 1112 956 1169 etloeuda
1009 1126 1050 1173 tas
1063 1126 1168 1184 sanato,
1192 1118 1269 1189 lupos
1280 1118 1368 1191 abige,
1391 1135 1472 1176 canes
1486 1136 1535 1191 pro
1549 1122 1629 1179 ovilis
1642 1124 1798 1187 detensium
1861 1174 1867 1181 ,

168 1190 303 1259 superbiae
318 1187 392 1253 uitia,
405 1133 485 1243 ubine
496 1187 580 1241 lutum
593 1184 759 1267 voluptatum
772 1198 840 1255 aqua
853 1183 956 1266 doctri·
1008 1201 1089 1243 roca:
1103 1202 1156 1243 non
1170 1186 1241 1265 euim
1254 1188 1448 1265 somnolentos,
1463 1190 1510 1247 sed
1525 1192 1655 1250 latrantes
1664 1196 1691 1253 in
1709 1199 1799 1255 bonni·
1817 1240 1821 1249 .

170 1275 224 1325 tiu,
248 1273 314 1314 cura
337 1258 430 1328 plagas
454 1270 503 1326 per
523 1264 632 1327 peccata
648 1270 674 1310 m
696 1268 798 1309 antinus
818 1253 956 1311 bominum
1009 1256 1043 1319 pi.
1061 1256 1125 1312 ouili
1139 1272 1199 1313 csso
1222 1267 1346 1328 purcst:
1371 1258 1432 1323 illos
1455 1276 1519 1317 uero
1541 1264 1655 1333 erpelle,
1683 1267 1796 1327 neppam

163 1325 338 1398 inmunitas,
355 1326 419 1382 uino
430 1335 460 1383 et
472 1326 532 1382 oleo
543 1335 631 1391 utens,
646 1334 674 1380 ut
687 1323 957 1391 ait'bontiotrs;.rirro
1008 1326 1139 1383 uirentem
1154 1345 1188 1384 ex
1211 1328 1291 1387 llario
1305 1328 1497 1398 germinantem
1511 1332 1638 1391 ostende:
1654 1336 1798 1395 inunurtu-

169 1398 327 1467 epmprime,
341 1412 375 1453 ne
387 1396 522 1451 emollitus
533 1394 958 1465 bomocoucupiscentiasscqrm·
1009 1395 1062 1453 lem
1079 1397 1178 1455 iontem
1194 1398 1360 1469 baptismatis
1381 1398 1479 1464 iruliea,
1494 1410 1522 1457 et
1543 1402 1706 1462 sordidatam
1719 1410 1810 1465 utrem
1911 1470 1915 1479 ,

172 1478 230 1533 tur;
245 1468 306 1523 oleo
324 1474 413 1525 auem
430 1467 546 1522 dissolne
559 1466 653 1521 animae
669 1466 783 1528 labores,
797 1472 823 1519 et
840 1464 965 1533 prrutt·ri·'
1008 1481 1078 1537 aqua
1091 1468 1267 1540 laerymarum
1283 1469 1379 1525 ablue:
1393 1469 1512 1526 laborem
1530 1480 1638 1531 omnem
1661 1486 1689 1549 et
1702 1476 1800 1543 delati·

171 1547 260 1594 torum
273 1546 443 1607 peccatorum
457 1544 606 1607 promptum
620 1536 805 1591 remissionem
820 1536 962 1603 promitte,
1008 1537 1143 1608 potionem
1158 1540 1271 1605 sustine,
1288 1546 1391 1594 uicum
1405 1542 1560 1609 apparuerit
1573 1544 1697 1616 princeps
1711 1561 1804 1619 past...

170 1605 210 1664 Ne
220 1608 372 1676 pecuniaria
384 1606 457 1661 lucra
471 1607 617 1673 respiciens
667 1612 955 1674 operemcouteumas,
987 1623 1069 1684 ‘rum
1082 1605 1214 1673 Christus,
1228 1608 1345 1678 accipias
1356 1608 1605 1669 immarcescibilem
1614 1616 1709 1699 glori-,p
1721 1636 1801 1679 corp.

171 1694 259 1748 neque
270 1678 305 1733 ob
317 1676 481 1745 respuendas
499 1676 605 1731 divitias
643 1675 733 1730 iritem
747 1674 890 1743 despicias,
909 1672 957 1729 sed
1009 1692 1082 1733 nam.
1102 1674 1165 1735 Oris
1178 1680 1223 1735 esi
1236 1677 1341 1735 Pastori
1350 1680 1515 1751 obtempera,
1530 1683 1563 1739 ub
1576 1686 1642 1743 ouri
1655 1703 1688 1743 ne
1701 1689 1787 1761 turpius
1804 1731 1806 1741 .

169 1762 315 1875 &eriperem
327 1756 355 1802 et
366 1746 475 1802 divitem
495 1745 574 1801 simul
588 1745 621 1800 ad
632 1743 836 1812 temperantiam
850 1758 954 1824 reuoca.
1009 1744 1090 1802 ssdem
1105 1748 1294 1817 complectere,
1309 1764 1323 1803 a
1338 1746 1410 1831 uirga
1426 1751 1541 1819 pastoris
1556 1770 1589 1809 ue
1599 1755 1731 1815 declines:
1746 1734 1800 1819 nor’r

194 1819 310 1883 mttioem
322 1817 467 1885 desperare
486 1817 570 1881 siuas,
583 1830 619 1872 ue
639 1830 700 1871 eum
714 1812 821 1884 quidem
834 1829 880 1883 our
897 1828 959 1883 pra·
1009 1817 1081 1873 enim
1096 1828 1121 1873 tc
1136 1820 1280 1887 percutiet,
1293 1831 1322 1875 ut
1335 1821 1449 1884 occidat,
1464 1821 1551 1879 serint
1564 1824 1811 1889 aberraremus-2

170 1888 280 1943 rissime
301 1887 431 1957 pleccavit,
452 1900 486 1942 ue
502 1887 582 1967 'ipsos
595 1886 621 1939 in
636 1885 762 1957 abyssum
780 1894 957 2009 (peccatorum
1009 1887 1188 1943 mullerem
1211 1905 1243 1945 ex
1263 1890 1335 1961 uirga
1360 1889 1442 1945 iessae
1462 1894 1657 1961 geruntiuaotern
1674 1898 1799 1958 indiscri-

169 1956 706 2027 conjiciamus;sedporrtgcmanumla
740 1968 767 2021 o,
800 1968 886 2009 treus:
903 1968 958 2009 non
1010 1958 1130 2015 minutim
1145 1958 1259 2017 coletex
1279 1959 1395 2017 leittedc
1408 1969 1541 2031 prerupta
1553 1974 1627 2033 petra
1639 1972 1801 2029 scaturiente

171 2028 246 2083 renuit
270 2028 397 2082 bomious
416 2028 520 2081 salvare
544 2024 638 2091 ustos,
736 2032 906 2093 peccamen
928 2035 960 2079 ut
1009 2026 1154 2083 immortali
1170 2028 1241 2095 bibe,
1253 2040 1282 2085 ut
1296 2028 1358 2085 indu
1372 2030 1397 2085 iu
1414 2032 1517 2085 caulam
1533 2033 1676 2107 rolrrptatis
1688 2042 1800 2099 reduca-

169 2097 282 2159 alacres.
294 2096 458 2151 declinantes
469 2111 484 2149 a
496 2110 539 2149 tua
549 2110 576 2161 d,
588 2093 688 2150 auam
696 2094 968 2150 pommeranum
1009 2098 1060 2155 rb.
1076 2096 1115 2155 ltu
1129 2098 1235 2155 utuntur
1250 2100 1371 2170 colliges,
1386 2099 1441 2155 tuno
1454 2116 1488 2157 ne
1501 2100 1606 2174 attigas,
1625 2111 1798 2176 periturarum

169 2175 376 2235 consequuntur.
390 2165 486 2220 uinum
501 2164 542 2220 lac
556 2174 664 2234 propter
678 2163 870 2219 inducentium
885 2163 958 2219 ralc·
1009 2182 1102 2225 eurum
1117 2168 1145 2223 iu
1163 2184 1190 2236 e,
1206 2170 1331 2239 pecunias
1345 2186 1379 2225 ne
1391 2170 1510 2241 colligas,
1527 2174 1598 2230 tunde
1610 2179 1733 2236 prinpum
1747 2184 1801 2238 pst.

171 2238 300 2301 tudinem,
311 2250 359 2304 spe
372 2236 518 2290 innutritus
527 2250 619 2290 eorum
629 2234 675 2305 qrri
687 2234 754 2290 cairi
764 2234 840 2300 deut,
852 2247 956 2289 necnon
1009 2238 1098 2305 crina3
1112 2184 1162 2295 teti
1169 2238 1278 2309 largiter
1288 2238 1389 2294 setuiuu
1405 2242 1564 2310 paurperibns
1575 2260 1674 2312 escant,
1689 2266 1803 2320 sperans

170 2308 360 2371 exsultatione,
376 2320 460 2374 opocen
474 2305 529 2359 beo
542 2314 674 2374 speratur.
690 2300 726 2360 th
737 2304 847 2371 atbleta,
859 2316 956 2358 oectttt·
1009 2316 1037 2363 te
1049 2307 1215 2378 utanipulum
1227 2308 1325 2363 atrimae
1339 2309 1447 2379 plernnu
1468 2320 1496 2365 et
1508 2314 1626 2379 anaplum
1650 2333 1710 2375 esse
1726 2336 1799 2379 rures-

170 2377 333 2446 dnmlepem
352 2376 477 2431 decerta:
493 2388 553 2429 nam
579 2372 958 2443 manuscriptorumque
1009 2392 1114 2434 currum.
1143 2376 1173 2433 Si
1193 2392 1294 2449 pauper
1315 2392 1354 2443 es,
1377 2394 1411 2434 ne
1433 2379 1525 2434 altimo
1546 2382 1666 2451 poncias,
1689 2404 1722 2445 ,ιο
1740 2391 1802 2446 pipp

169 2446 280 2519 lepitime
291 2446 422 2500 certauerit
432 2444 471 2517 (Ξ.
486 2443 552 2497 Tim.
564 2442 593 2498 2.
605 2443 645 2515 5).
656 2444 716 2499 Non
726 2453 762 2499 ast
775 2444 846 2499 nobie
858 2444 956 2499 coitur·
1009 2448 1166 2513 maledicas,
1188 2464 1222 2503 ne
1236 2447 1420 2517 blasplrcmes;
1444 2451 1490 2503 seul
1505 2452 1604 2519 gratias
1624 2472 1682 2527 nge,
1699 2462 1803 2517 sustine

170 2520 232 2571 totio
254 2516 375 2571 murreus
407 2516 564 2589 marpuinmc
580 2526 605 2569 et
628 2530 741 2579 emunit,
766 2514 811 2568 scd
836 2513 967 2569 mimum.
1009 2535 1078 2575 onus
1094 2517 1257 2589 paupertatis
1272 2517 1345 2588 quod
1358 2527 1399 2573 cst
1421 2518 1572 2575 brevissimi
1588 2528 1727 2596 teumuris,
1743 2547 1803 2587 ιρι.

170 2587 327 2658 principatur
345 2594 370 2639 et
391 2593 535 2652 pereuntes,
559 2583 648 2637 muudi
670 2592 785 2639 rectorex.
800 2583 957 2639 terreirurnut
1009 2588 1070 2659 pice
1082 2588 1110 2643 in
1120 2588 1258 2657 exemplar
1269 2596 1342 2641 tuum
1365 2584 1506 2652 Lazarum,
1519 2602 1546 2645 ct
1561 2600 1586 2647 te
1598 2607 1646 2663 spe
1656 2599 1802 2655 colubrum:

170 2656 271 2722 burum,
296 2656 417 2709 aduersus
445 2654 591 2724 spiritualia
615 2654 734 2725 nequitiae
760 2654 787 2707 io
798 2699 803 2709 .
816 2653 961 2708 celestibus
1009 2674 1071 2715 narn
1086 2668 1114 2713 tu
1129 2672 1239 2727 otioque
1252 2658 1281 2711 in
1295 2655 1440 2711 dbrubauti
1453 2657 1514 2713 sinu
1530 2660 1682 2729 recipieris:
1699 2668 1745 2723 trini
1756 2660 1804 2725 ιιίιιι

169 2726 277 2798 (Epium.
291 2726 318 2780 b.
335 2726 390 2791 iit.
406 2724 545 2781 dsecticos
559 2722 848 2793 laboresamploctere,
863 2723 963 2781 diubu-
1009 2743 1104 2787 omnes
1116 2736 1277 2785 carnotorum
1300 2726 1428 2783 Dominus
1452 2730 1521 2785 lteus
1536 2732 1589 2793 reci
1628 2749 1656 2789 re
1679 2738 1799 2809 dignetur

169 2798 237 2852 licus
248 2798 358 2865 toqrreos
370 2796 441 2864 iugc.
456 2792 526 2849 vide
537 2794 647 2849 Paulum
661 2803 825 2860 currentem,
834 2808 957 2864 prtpuxu·
1010 2800 1037 2855 ln
1060 2798 1168 2855 cbristo
1187 2797 1255 2853 iesu
1281 2796 1393 2851 bernuino
1408 2808 1511 2867 nostro,
1523 2800 1565 2855 cui
1579 2817 1595 2872 p
1607 2804 1662 2859 oria
1677 2819 1704 2862 et
1720 2810 1791 2879 impu

170 2876 234 2934 tem,
249 2872 409 2929 certantem,
423 2864 461 2918 xic
478 2864 585 2931 curcei
623 2864 672 2928 uit,
688 2864 964 2934 utcomprebendumr.
1008 2870 1079 2926 rium
1099 2882 1160 2925 eum
1182 2866 1288 2939 Spiritu
1313 2877 1417 2936 statuero,
1443 2872 1563 2926 nuncet
1586 2886 1703 2947 semiper,
1726 2888 1753 2935 et
1777 2884 1803 2939 ιη

168 2938 206 2993 xic
219 2952 314 3007 puqnu,
329 2952 378 2988 trun
390 2934 463 3003 onum
475 2949 558 2989 cerem
569 2949 611 2988 rer
627 2934 775 2998 eane-ud
791 2935 887 3005 europe
897 2950 956 2987 cor·
1008 2940 1107 2997 paeppla
1119 2940 1289 2995 saeeulnrum.
1304 2937 1400 2993 ament.

170 3008 217 3077 pbr
233 3022 325 3073 ιιιιιιιιι,
340 3021 372 3059 ne
385 3019 431 3075 cpe
442 3004 486 3076 qui
496 3004 644 3073 predicari,
654 3006 709 3074 ipre
717 3004 838 3075 reprobas
850 3004 954 3075 efficior.

864 3213 906 3256 ΟΕ
927 3209 1095 3256 cantura.

148 3413 154 3439 i

206 3493 300 3549 Nuntius
321 3499 407 3562 potest
430 3503 520 3545 sermo
538 3486 618 3560 digne
635 3487 773 3544 caritatem
788 3487 956 3558 exprimere,
1011 3483 1093 3542 buum
1104 3491 1275 3540 tuamectote
1285 3483 1361 3540 eorde
1370 3492 1424 3545 tao,
1439 3482 1488 3565 ipsi
1499 3495 1548 3552 pro
1557 3483 1702 3546 dilectione
1712 3493 1802 3552 odium

170 3565 241 3637 purrnl
261 3564 304 3618 iliu
319 3562 420 3619 nonsit
440 3570 562 3622 terrena,
585 3557 851 3615 maestosuocuo
868 3565 964 3614 animm·
1010 3557 1083 3612 intus
1096 3555 1240 3621 babentes,
1256 3554 1396 3609 bominum
1410 3552 1502 3624 glorne
1514 3555 1717 3627 crucifixerunt,
1732 3574 1758 3619 ut
1776 3568 1802 3627 itt

171 3635 215 3692 rel
225 3635 310 3704 ipsunt
319 3631 474 3703 angelorum
484 3629 653 3712 llopuamnix
664 3642 743 3700 posse
752 3628 825 3684 illam
834 3637 959 3684 accurate
1011 3625 1142 3698 propbeta
1157 3626 1194 3680 ait
1206 3625 1263 3694 ipse
1277 3642 1284 3679 ε
1299 3623 1333 3678 lit
1352 3634 1489 3694 posuerunt
1503 3623 1590 3678 edium
1602 3643 1649 3696 pro
1669 3631 1804 3692 dilectione

170 3706 322 3775 explorare,
335 3702 462 3773 quioniam
478 3715 510 3756 er
525 3716 581 3769 ipsa
596 3713 690 3782 magua
704 3699 752 3754 bei
765 3710 856 3755 mente
869 3697 958 3755 inoes-
1010 3713 1067 3752 orec
1081 3695 1169 3768 (Prot.
1190 3693 1252 3752 lde.
1272 3693 1313 3766 5).
1330 3694 1403 3749 liuruc
1417 3693 1588 3751 dilectionem
1610 3713 1697 3768 iocoue
1718 3704 1735 3758 ii
1753 3706 1802 3758 lm.

171 3785 263 3830 suntor
276 3773 320 3828 illa
335 3771 464 3856 procedit.
479 3770 596 3840 Ergone,
607 3784 667 3840 pura
677 3769 965 3841 nec-oupeiorum‘neex
1010 3767 1094 3834 beot,
1106 3767 1152 3838 qui
1166 3765 1258 3822 dieunt
1270 3765 1366 3820 Filium
1381 3764 1500 3848 bei-rem
1515 3763 1610 3822 iactam
1625 3779 1670 3824 aut
1684 3783 1802 3833 creatam

172 3843 310 3900 bominum
326 3845 414 3913 lingna
428 3849 517 3910 potest
530 3841 600 3896 iilam
613 3849 738 3896 accurate
752 3853 894 3902 enarrare.
908 3854 958 3896 nos
1011 3851 1090 3903 esse,
1111 3837 1215 3892 etiamsi
1235 3850 1264 3891 se
1283 3845 1375 3890 mutue
1387 3835 1508 3906 unttpunt.
1524 3835 1664 3903 Quomodo
1677 3845 1748 3898 enim
1765 3847 1804 3913 is,

172 3911 477 3971 ideooonaudcbimusl
487 3909 576 3978 Neutra
597 3923 657 3965 uam
668 3926 675 3964 ι
685 3909 810 3979 quopiam
820 3908 890 3964 doura
899 3911 962 3980 qni·
1010 3908 1056 3977 uui
1071 3908 1252 3972 licum-amat,
1266 3904 1364 3965 dixerit
1377 3904 1448 3961 ltrmc
1466 3919 1526 3962 usse
1538 3917 1686 3964 creatorum
1705 3923 1751 3968 aut
1765 3915 1804 3971 ia·

171 3986 232 4043 dcun
255 3984 368 4038 maxima
392 3982 503 4039 diuitum
525 3926 596 4050 apufl
619 3980 702 4034 burim
727 3994 835 4049 semper
848 3990 962 4050 accepta
1011 3987 1113 4034 ctorem
1135 3975 1254 4041 Christi,
1274 3986 1302 4029 et
1323 3992 1376 4030 oon
1392 3978 1609 4057 progenitorem?
1622 3987 1649 4032 et
1669 3987 1804 4052 quomodo

171 4065 251 4121 suut;
266 4054 312 4108 scd
326 4061 413 4108 tamen
429 4052 480 4106 alia
491 4050 551 4106 sine
564 4050 734 4104 simulatione
752 4059 779 4105 et
791 4048 959 4106 cumbilari·
1011 4047 1083 4104 dicet
1096 4061 1126 4102 se
1136 4045 1235 4101 Filium
1244 4046 1355 4116 elligere
1368 4046 1412 4114 uui
1425 4044 1574 4100 dulcitium
1585 4061 1645 4102 esse
1660 4063 1715 4104 rem
1728 4067 1798 4110 crea·

172 4136 228 4182 tate
238 4125 339 4188 oblata,
353 4124 415 4179 iicet
429 4136 555 4192 perqmm
570 4121 677 4174 minima
691 4118 756 4184 sixt,
768 4130 843 4190 grata
858 4118 963 4176 baben·
1012 4126 1066 4174 txm
1083 4126 1128 4172 aut
1141 4115 1381 4196 lutctamiulitiamsi
1397 4113 1496 4169 dixerit
1508 4127 1538 4168 se
1555 4113 1660 4171 l‘atrem
1672 4118 1802 4196 diligere,

172 4207 227 4262 tur,
243 4193 372 4250 uiuidum
396 4193 481 4254 illitus,
502 4206 563 4261 cpuae
583 4190 637 4245 duo
656 4188 758 4244 urirnrta
780 4190 806 4247 iu
825 4189 960 4260 pautpbp·
1011 4187 1035 4245 si
1056 4185 1154 4242 Filium
1175 4199 1227 4238 nun
1242 4183 1348 4252 diligat,
1364 4181 1451 4238 l‘atris
1470 4185 1614 4240 dilectione
1629 4188 1758 4262 privatur,
1775 4208 1802 4261 up

172 4268 270 4342 leuium
282 4264 365 4326 misit,
379 4264 479 4318 oblatio
490 4260 640 4329 anteposita
652 4260 702 4314 luit
715 4258 793 4313 donis
804 4275 898 4314 eurum
913 4259 958 4328 oui
1010 4256 1050 4312 ait
1063 4254 1222 4325 apostolus:
1238 4253 1288 4320 prta
1302 4267 1352 4308 tren
1366 4251 1441 4308 babet
1461 4251 1575 4321 sinen,
1599 4272 1679 4328 oeque
1697 4257 1802 4321 Putrem

173 4337 284 4390 intubum
298 4335 357 4388 artri
370 4332 526 4387 iutulcrrmt.
545 4332 579 4385 lit
593 4345 641 4385 nos
654 4343 760 4400 utroque
773 4342 847 4397 spem
861 4328 888 4382 in
902 4329 959 4383 lieo
1011 4325 1086 4380 iubet
1105 4323 1232 4394 (idern.
1245 4322 1273 4377 Ξ.
1289 4322 1348 4392 di).
1362 4323 1436 4380 llario
1451 4322 1621 4380 dilectionem
1637 4341 1690 4382 troo
1704 4329 1801 4392 itabont
1835 4341 1837 4348 “

173 4397 963 4464 lustremusauxtttumreetuteroruuun1eneutueore,corde
1011 4395 1075 4450 item
1093 4395 1137 4466 qui
1158 4393 1286 4463 Spiritum
1302 4407 1357 4448 rem
1377 4393 1473 4448 iunctam
1485 4401 1541 4461 ,aut
1552 4405 1670 4452 creatam
1686 4413 1747 4458 esse
1761 4405 1803 4461 di·

172 4475 333 4532 alacri'duos
346 4473 465 4531 caritatis
476 4469 641 4525 denariosin
654 4465 872 4591 gunzopbfflaciurn
885 4484 960 4522 ruere·
1011 4473 1075 4521 cunt
1084 4505 1096 4532 ,
1105 4463 1209 4520 etiamsi
1224 4462 1365 4518 videantur
1380 4463 1483 4519 Patrem
1499 4464 1620 4520 coolltcri
1641 4478 1667 4522 et
1680 4469 1792 4543 diligere

174 4547 209 4602 tis
220 4555 318 4601 restrae
331 4540 513 4614 projiciamus.
528 4538 668 4594 llloseuinu
681 4545 744 4607 puto
774 4537 959 4594 uusdenarius
1011 4535 1041 4592 Si
1057 4535 1116 4606 quis
1130 4535 1201 4589 euim
1214 4533 1341 4603 Spiritum
1353 4531 1451 4588 Christi
1466 4549 1518 4589 nou
1532 4531 1621 4601 baltei,
1637 4537 1680 4593 bic
1694 4556 1746 4597 non
1763 4553 1805 4604 ese

171 4615 295 4671 esseduo
307 4620 453 4683 praceptm
470 4610 495 4665 in
506 4608 601 4680 quibus
612 4609 654 4663 lex
665 4607 764 4676 pendet
774 4615 802 4663 ct
813 4607 968 4676 propbetaei
1012 4607 1105 4678 ipsius.
1120 4604 1255 4674 Quotquot
1265 4602 1605 4675 igiturcatbolicecreduut
1615 4607 1685 4664 circu
1697 4611 1803 4670 Patrem

173 4687 277 4742 Dictum
288 4684 410 4738 ostentm
422 4697 437 4735 a
449 4681 562 4736 liorniuo
574 4678 600 4734 iu
612 4678 783 4748 Euangeliis:
799 4675 896 4748 liiiipes
908 4679 961 4731 ltu·
1011 4685 1039 4732 et
1054 4675 1151 4731 Filium
1166 4681 1195 4730 et
1204 4673 1336 4743 Spiritum
1343 4683 1475 4738 sanctum,
1489 4685 1517 4731 ct
1530 4677 1668 4734 caritatem
1685 4693 1803 4744 mortuam

171 4757 270 4809 minum
292 4752 373 4808 baum
391 4760 463 4806 terrm
481 4749 510 4803 iu
532 4758 584 4803 toto
603 4746 758 4815 cordetuo,
779 4757 803 4802 et
816 4747 960 4814 musinium
1011 4746 1084 4802 inter
1097 4761 1127 4802 sc
1144 4747 1269 4810 serrant,
1291 4743 1318 4798 bi
1334 4745 1476 4814 perlectam
1500 4746 1637 4801 caritatem
1653 4751 1802 4817 possident.

172 4833 244 4880 tuero
263 4826 328 4880 sicut
349 4824 466 4892 teipsum.
486 4819 520 4874 ln
539 4819 578 4874 bir
592 4818 690 4874 domins
713 4817 838 4872 mandatis
851 4826 903 4870 totu
920 4815 962 4872 ica
1010 4817 1116 4872 Caritas
1130 4815 1235 4870 Putrem
1249 4812 1400 4878 confltetur,
1425 4814 1521 4872 Filium
1536 4816 1648 4880 adorat,
1673 4820 1803 4890 Spiritum

173 4896 265 4965 pendet
278 4903 302 4948 et
315 4893 445 4964 propinetur
458 4889 565 4960 (lluttb.
579 4887 624 4942 Ἠ.
642 4888 687 4944 ib.
703 4887 762 4956 lb).
776 4889 858 4941 timor
871 4887 918 4943 liei
933 4896 962 4942 et
1012 4895 1134 4942 sarnetum
1148 4884 1296 4956 glorificat:
1312 4885 1409 4940 caritas
1424 4885 1561 4941 Trinitatis
1573 4899 1734 4945 concentum
1749 4909 1803 4952 nrm

174 4979 252 5020 amor
265 4963 396 5036 pruritui,
410 4962 464 5016 duo
482 4968 613 5029 praccepta
629 4973 689 5028 purae
702 4957 752 5013 sibi
766 4966 858 5012 mutuo
869 4957 960 5012 coine·
1013 4955 1117 5012 dividit.
1131 4957 1154 5010 0
1166 4957 1266 5011 caritas
1276 4955 1430 5026 angelorum
1445 4967 1573 5023 consors,
1590 4967 1693 5026 patentur
1708 4966 1780 5020 socia
1796 4957 1803 5030 ',

174 5047 256 5090 rent:
271 5035 316 5104 utri
331 5047 414 5088 uuum
434 5031 540 5085 illorum
556 5029 636 5084 babet
649 5038 676 5084 ct
695 5029 810 5084 alterum
832 5029 957 5094 minime,
1014 5026 1203 5098 prophetarum
1218 5026 1435 5090 contubernalis,
1460 5037 1605 5098 martyrum
1621 5044 1732 5086 consors
1745 5049 1805 5090 cer-

174 5105 219 5162 bic
232 5120 283 5161 nec
297 5102 360 5158 illud
376 5102 449 5170 «pund
463 5099 567 5155 nidenu
581 5098 682 5154 babere
697 5098 825 5167 possidet.
841 5097 874 5154 Ut
888 5099 960 5157 enim
1014 5097 1153 5161 tamirunm,
1168 5097 1349 5164 apostolorum
1360 5095 1443 5151 choro
1453 5096 1556 5166 iuncta,
1573 5098 1698 5156 Ecclesiae
1711 5103 1805 5160 rincu-

173 5177 263 5230 auima
282 5174 340 5230 siue
352 5186 465 5237 corpore
487 5185 538 5223 uon
552 5176 662 5224 uocatur
675 5171 771 5233 nomo;
794 5182 880 5238 oeque
898 5183 960 5223 rur·
1015 5166 1083 5222 lum.
1096 5165 1199 5222 Caritas
1215 5165 1312 5220 bellum
1327 5181 1379 5221 non
1395 5165 1478 5236 norit,
1491 5165 1627 5223 inimicum
1643 5185 1695 5225 uon
1711 5171 1802 5240 babet,

173 5259 234 5300 snm
252 5258 351 5312 corpus
368 5243 428 5297 sine
440 5242 528 5295 aurinia
543 5257 550 5295 :
565 5240 606 5295 sic
618 5253 670 5293 occ
680 5253 757 5293 amor
772 5238 832 5302 lici,
849 5238 900 5295 nisi
913 5240 961 5294 ad·
1013 5251 1107 5307 pacem
1120 5236 1262 5292 corneiliat:
1278 5237 1376 5292 caritas
1389 5237 1586 5308 sanguinarium
1602 5239 1718 5298 inrorem
1731 5243 1811 5302 miti·'

171 5315 292 5385 iunctum
305 5312 403 5367 babeat
415 5325 533 5365 amorem
548 5308 672 5378 proximi,
685 5322 739 5363 non
753 5316 796 5363 est
807 5323 897 5367 utitor:
914 5324 961 5363 ou·
1012 5315 1069 5378 gat,
1083 5305 1254 5362 mtionabiles
1266 5307 1378 5375 populos
1388 5307 1557 5364 lroutrmbilcs
1568 5310 1657 5365 reddit
1670 5329 1677 5365 :
1692 5315 1800 5385 caritas,

174 5401 226 5455 orne
243 5397 349 5439 rursum
361 5395 437 5436 aoror
455 5379 587 5452 proximi,
601 5379 653 5435 uisi
667 5380 702 5432 sit
715 5394 775 5433 cnm
790 5393 882 5434 amore
897 5379 959 5448 liei,
1012 5393 1074 5448 quiae
1086 5377 1112 5432 in
1128 5376 1229 5431 mundo
1244 5391 1296 5430 uon
1312 5390 1341 5430 ea
1363 5379 1424 5442 inu,
1438 5387 1466 5432 et
1481 5377 1507 5433 io
1521 5377 1614 5434 bamili
1626 5383 1708 5439 corde
1728 5383 1804 5441 babi-

173 5465 284 5510 rocatur
297 5467 382 5507 atuor.
404 5451 465 5506 ideo
484 5466 545 5505 raro
569 5450 701 5504 invertitur
716 5447 831 5518 perlecta
851 5449 959 5507 caritas.
1014 5458 1053 5505 tat
1067 5448 1188 5524 :lcaritas
1203 5445 1283 5502 intelle
1302 5455 1329 5500 et
1344 5391 1413 5530 fecte
1426 5448 1539 5516 dulcior,
1555 5465 1607 5506 nou
1623 5451 1702 5510 modo
1716 5453 1741 5507 in
1754 5471 1803 5514 ore
1888 5477 1894 5484 ·

174 5525 292 5581 Gentiles
300 5523 368 5578 banc
378 5523 511 5591 monstrant,
521 5518 729 5575 licetnideautur
739 5535 858 5575 artiorem
869 5533 961 5582 mutuo
1012 5529 1172 5574 strauttatcm
1185 5515 1296 5583 babens,
1312 5517 1448 5573 sedetiam
1464 5519 1489 5574 iu
1505 5520 1599 5576 intimo
1609 5523 1689 5578 eorde
1701 5523 1802 5584 dilltrn·

173 5587 293 5651 bab'ere:
309 5608 370 5648 cum
384 5603 473 5648 autem
495 5591 576 5645 Ιιοιιιιι
600 5591 739 5660 ignorent,
762 5590 797 5645 ab
810 5590 860 5646 luae
879 5590 960 5647 alieni
1013 5590 1086 5646 ditur
1098 5605 1104 5642 ε
1118 5588 1216 5644 caritas
1230 5587 1355 5644 onnubus
1377 5591 1521 5659 competit,
1544 5605 1592 5661 per
1605 5607 1684 5662 quam
1699 5603 1802 5654 terrena

171 5677 235 5721 som
260 5664 344 5720 iudai
366 5662 429 5717 iicet
449 5662 619 5716 dilectionem
639 5670 731 5713 ιιιιιιιιιι
745 5659 877 5722 lrutncaut,
898 5676 960 5717 cum
1013 5667 1155 5724 coustant,
1177 5657 1293 5716 caelestia
1314 5668 1445 5729 augentur
1459 5679 1465 5714 ε
1481 5661 1578 5716 caritas
1599 5671 1707 5732 propter
1722 5681 1801 5731 prr-nu

173 5735 314 5793 boppinmm
331 5734 396 5804 legis
415 5732 520 5787 oderint
538 5733 583 5800 oui
604 5731 685 5796 dicit,
706 5730 805 5801 liiiiper
826 5731 960 5788 Doctrinnm
1014 5735 1084 5790 lietu
1103 5729 1199 5786 l'iliutu
1213 5745 1288 5786 suurn
1306 5729 1378 5786 misit
1398 5731 1586 5786 inmundum:
1602 5733 1803 5796 rratrtSiet'lrnr

351 5823 381 5884 S.
404 5821 494 5884 Joau.
517 5821 693 5886 Cuursosr.
719 5821 773 5884 lx.
1383 5822 1608 5906 (linet-cinq.)
