4084 6350
118 372 122 382 '
149 382 196 440 tor

136 496 178 564 qai
191 509 282 566 passiva
294 503 319 549 ot
332 495 455 562 mosem
468 505 526 560 est.
540 506 571 552 ct
590 498 755 565 resurrexit,
775 497 814 554 uti
831 499 921 564 norim

139 564 290 690 trini
303 565 631 708 intillill‘iatiii
644 584 793 695 illidii
801 567 922 694 iiiii:

136 653 201 759 dalaq
210 649 387 762 ltancpsnornm
403 707 467 761 sim
477 653 524 769 ἔπει
539 654 734 780 rorrtpleetaeitri
751 682 806 764 eant
826 707 919 781 (Psoi.

135 777 174 831 tt.
187 775 251 846 te).
267 775 319 832 ltoc
332 787 373 832 nst
389 795 396 832 a
410 777 590 844 monaste,
607 781 690 835 attaris
701 780 818 851 cinae,
834 781 921 850 praei·

135 847 179 900 las
193 847 310 913 merite,
324 856 355 902 vn
373 849 480 919 qnando
494 852 590 906 merito
604 850 689 906 iratus
705 850 801 918 luero,
815 852 922 906 arriser-

134 931 236 986 sanvqne
256 917 349 972 vvvvmdi
370 919 518 974 machinam
540 936 721 986 concussere.
744 921 920 1006 covasidcratns

132 987 922 1130 {tattia'iitiniililtaiitinn‘iti

132 1141 198 1191 raam
212 1141 265 1197 qua
279 1129 386 1191 invideat
398 1130 504 1196 dunos,
519 1145 555 1187 etv
570 1142 729 1202 praemature
740 1142 856 1190 vestram
869 1133 918 1188 ad-

132 1199 200 1252 mitto
213 1199 447 1269 supplicationem.
462 1201 647 1258 Sacerdotium
667 1205 740 1258 enim
760 1212 789 1259 et
807 1217 920 1273 rogarem

109 1309 118 1402 Ι
132 1281 185 1322 cam
199 1267 435 1344 ridemlacrynvas
446 1270 567 1338 invadere,
577 1273 652 1346 amasi
662 1272 784 1329 dolorum
797 1283 921 1342 vovvsors,

576 382 610 438 IN
630 381 792 441 §.tttcttitt
813 385 957 444 Tttditatt
977 388 1183 446 truslotutt
1203 393 1326 448 Slssllllo.

1714 405 1772 468 ’444

973 502 1064 556 statim
1078 501 1111 558 ad
1126 504 1383 562 canavariseratianvut
1394 507 1495 574 datam,
1506 525 1625 583 aterque
1640 516 1711 573 illius
1722 535 1771 572 vo·

974 573 1014 627 cis
1027 573 1189 629 recordabor
1204 593 1210 628 z
1230 573 1365 646 l'rotepant
1378 579 1503 632 ciuitatem
1516 581 1581 636 dono
1601 597 1704 657 praem
1717 586 1772 646 na·

973 642 1018 697 rid
1029 659 1127 698 aevum
1140 659 1241 711 nervat,
1262 655 1285 700 et
1304 649 1388 702 dovora
1403 657 1518 704 sanctum
1532 667 1614 706 numm
1633 655 1681 723 (4.
1706 657 1760 734 lleq

974 713 1010 769 te
1036 713 1100 786 dl).
1115 715 1165 781 Qtat
1180 715 1249 770 sicut
1263 731 1310 772 ros
1323 733 1374 772 vana
1386 717 1441 774 dde
1454 723 1663 790 eonsentientes,
1677 727 1769 784 solvvn-

974 785 1042 839 taria
1054 787 1135 840 animi
1148 785 1327 843 submissione
1338 787 1495 858 digvvitatevn
1505 807 1581 847 stram
1591 797 1768 864 occultantes.

974 855 1073 910 vestitu
1093 855 1210 926 dariique
1230 857 1288 926 ipso
1308 856 1485 916 humilitatem
1503 861 1585 918 arvini
1603 879 1660 935 prm
1679 881 1709 924 se
1729 869 1771 927 le·

974 934 1076 992 mittes.
1093 926 1175 982 multa
1188 927 1221 982 ad
1235 942 1277 982 me
1287 928 1476 998 discipalonmv
1490 933 1572 989 millia
1583 934 1770 1006 traduxerunt,

973 1011 1018 1052 me
1036 1005 1171 1068 tamqnam
1192 999 1295 1070 insigne
1316 999 1473 1065 terentium,
1493 1012 1520 1057 et
1541 1005 1641 1061 mundo
1663 1008 1771 1080 placare

972 1067 1148 1124 studentium.
1175 1067 1231 1124 diat
1252 1069 1323 1124 enim
1346 1087 1353 1123 ε
1381 1069 1478 1134 Petite.
1502 1085 1525 1128 et
1548 1075 1650 1132 debitur
1669 1079 1738 1134 eoois
1761 1095 1771 1136 .·

972 1139 1094 1210 querire,
1109 1148 1134 1193 et
1144 1139 1275 1195 invenietis
1288 1138 1298 1212 (
1309 1140 1400 1195 llottlt.
1415 1143 1442 1197 i.
1459 1143 1503 1212 7).
1521 1144 1571 1214 lpsl
1585 1148 1668 1217 glorta
1680 1158 1709 1205 et
1721 1151 1771 1206 im·

974 1211 1088 1280 periurat,
1098 1225 1167 1266 virtvte
1178 1219 1206 1267 et
1214 1225 1331 1284 seraper,
1342 1211 1368 1266 in
1379 1212 1476 1269 saecuta
1489 1217 1659 1272 sanatorum.
1672 1222 1768 1278 driven.

966 1281 1003 1337 μ,

420 1813 425 1822 1
450 1736 454 1748 “
539 1735 593 1798 tu
612 1734 862 1862 ouationem·
876 1737 916 1800 tii
937 1729 1126 1799 SANCTUM
1146 1727 1335 1790 ΤΗΟΜΑΜ.

155 1874 243 1932 holte
255 1872 293 1930 de
302 1875 353 1928 iac
362 1873 703 1930 oredonesiosententiara
715 1875 775 1932 tulit
784 1875 918 1934 sardion:

129 1961 138 1994 r
150 1946 303 2001 irationem
318 1943 388 2000 nane
399 1945 498 2000 editam
511 1943 660 2014 Burdigala
679 1961 696 2004 a
717 1943 853 2004 tratione
867 1948 921 2004 tto-

126 2030 184 2078 mo.
198 2025 329 2071 accurate
343 2015 545 2071 emendavimus
558 2029 592 2070 er
606 2015 674 2072 (ivd.
690 2016 832 2074 Bovarioo.
849 2019 921 2087 Quo-

127 2087 205 2141 niaas
218 2094 311 2142 autem
328 2085 438 2140 credatu
452 2084 557 2140 duainn
570 2085 704 2156 synodis,
718 2087 823 2143 scilicet
842 2089 922 2146 Late·

127 2157 225 2212 reuersi
255 2167 282 2212 et
297 2156 331 2210 il
345 2155 490 2213 universali
504 2156 816 2226 Constantinopolitanae.
833 2159 918 2232 clary·

127 2237 241 2282 vntum·
261 2225 333 2282 hatte
351 2228 502 2282 ornationem
527 2229 728 2296 asserentibus.
752 2229 815 2285 iacit
838 2233 920 2286 tardus

126 2297 237 2352 omittas
251 2306 356 2353 textura
368 2307 398 2354 et
410 2301 496 2368 stylus
514 2311 529 2350 a
549 2294 759 2370 chrysostomo.
773 2315 835 2356 orco
844 2301 919 2374 judi·

126 2369 171 2431 do.
185 2367 399 2424 diversissimas.
417 2367 467 2424 list
479 2367 552 2424 etaim
565 2370 652 2422 oratio
668 2378 723 2425 tata
737 2369 794 2427 lere
808 2371 918 2429 manta·

126 2438 179 2505 tior,
195 2449 224 2494 et
235 2453 270 2494 er
285 2439 468 2508 pnosopopvcis
479 2438 606 2495 conflata.
621 2439 724 2510 Neque,
738 2450 767 2499 ut
778 2443 846 2497 alias
860 2459 918 2498 mo

124 2509 177 2570 nei.
193 2523 294 2563 norom
308 2520 351 2564 est
362 2520 408 2564 aar
419 2523 506 2580 nuper
518 2519 630 2577 natant,
652 2509 723 2569 letus
743 2515 918 2586 supposititios

125 2579 199 2634 elada
212 2580 371 2649 parervtitaas
383 2580 509 2636 uuidere.
528 2600 539 2634 t

153 2648 271 2720 idipsam
285 2651 411 2721 opimnvr
423 2651 525 2708 Fronto
544 2651 657 2708 uacans
677 2653 704 2709 in
725 2653 795 2710 notis
810 2651 844 2709 ad
866 2653 918 2712 To·

125 2733 193 2776 urm
205 2720 226 2777 ὅ
240 2721 369 2778 Parisios
383 2722 586 2778 Editionisanni
600 2724 679 2782 tuso.
691 2724 736 2780 ulti
748 2725 788 2780 sic
797 2725 916 2795 loquitur

125 2805 178 2860 paq.
192 2791 281 2848 lda5:
298 2810 310 2844 r
325 2792 401 2848 llnne
411 2809 521 2863 qnoque
532 2794 608 2850 uoltis
620 2793 806 2866 chrysostomi
815 2810 918 2852 serino·

123 2876 180 2916 nem
194 2864 350 2919 nonasterii
364 2862 598 2936 captivaremur
612 2879 677 2920 naar.
687 2863 800 2922 codices
810 2879 918 2922 causon

125 2941 227 2995 ramat,
240 2947 274 2989 cr
288 2933 386 3004 quidus
395 2937 563 3004 exscriptus,
578 2944 605 2989 et
622 2933 655 2990 nd
669 2949 719 2992 uos
729 2934 765 2992 ab
779 2934 914 2994 illustriss.

123 3001 201 3057 dard.
216 3003 333 3060 daronio
347 3007 520 3068 annotavimus
531 3014 582 3060 est.
594 3003 669 3062 Licet
682 3006 913 3076 antemutqenui-

123 3086 184 3128 anm
195 3089 256 3130 eum
272 3076 391 3132 auamris
405 3076 490 3132 nostri
504 3075 587 3130 letum
608 3085 717 3148 propter
728 3075 791 3149 nytt
801 3077 917 3146 dispari·

121 3151 202 3200 tatem
215 3159 269 3201 aon
282 3159 471 3217 agamemnonis,
485 3153 575 3203 tatvten
588 3159 651 3202 eunt
672 3145 845 3204 commendat
865 3163 916 3203 aa·

123 3216 228 3271 storius
251 3215 355 3287 Sytvvvdi
379 3217 566 3273 lateranensis
581 3217 632 3273 sub
645 3217 759 3275 llartino
785 3216 796 3273 Ι
814 3228 916 3275 coacta·

122 3286 189 3340 eirea
201 3300 301 3341 annunt
316 3284 371 3343 did
386 3296 480 3344 eontra
494 3288 684 3343 llormttvetitas
697 3305 705 3343 a
719 3290 746 3345 in
761 3289 838 3360 cujus
850 3304 915 3345 cotr-

122 3357 258 3413 suttatioue
285 3357 383 3412 rimatur
408 3374 442 3412 or
466 3374 501 3413 on
526 3358 601 3413 loeus
630 3361 681 3415 noo
704 3360 785 3415 modo
810 3378 818 3413 ε
845 3358 913 3415 ltcm

122 3424 150 3480 d.
166 3424 275 3481 imnis
291 3428 408 3496 episcopi
434 3428 628 3500 θοιιιωιιίιιορ.
650 3428 823 3485 inliteratum
845 3446 914 3499 apo·

122 3496 209 3551 nolon
217 3512 227 3551 .·
236 3496 300 3553 liar
306 3499 413 3553 radiare
425 3500 546 3553 amnon
557 3502 669 3555 eurinome
681 3516 698 3554 n
711 3502 831 3571 perfidia,
839 3511 912 3568 etc.;

185 3568 260 3623 loica
272 3568 332 3635 ltin,
345 3582 371 3639 p.
389 3568 456 3625 aas.
470 3568 610 3628 Profertur
622 3571 691 3626 idom
707 3571 782 3627 locus
797 3573 824 3627 ia
836 3579 912 3628 sexta

140 3637 223 3709 pnoda
238 3639 383 3695 uniuersali
395 3638 626 3721 Constantinopoli
641 3640 692 3697 suli
706 3641 846 3768 effatione
866 3641 914 3696 ba·

122 3705 174 3761 bata
185 3719 276 3763 martra
295 3710 407 3765 eosdem
421 3709 629 3776 llonovltetnas,
645 3726 717 3767 anno
743 3711 832 3768 'trista‘
847 3711 915 3781 ont,

123 3776 190 3833 luter
203 3780 355 3835 testimonia
370 3780 537 3836 ostendentia
548 3780 616 3837 datas
628 3783 780 3839 voluntates
792 3793 821 3839 et
843 3782 912 3841 uvas

122 3850 286 3915 operationes
299 3849 326 3904 in
343 3850 467 3914 usitatas,
477 3852 613 3921 exscripta
627 3867 659 3908 er
671 3852 911 3922 ttortspantarctnt

120 3914 403 3990 mvsavtmpottvaat
422 3920 530 3977 actione
543 3921 588 3976 tu.
605 3920 669 3978 item
679 3924 807 3981 reiectum
822 3931 865 3979 ost
877 3938 911 3981 ex

119 3990 210 4045 enimv
221 3991 349 4047 codicillo
361 3992 542 4047 intimandum
551 3990 580 4047 S·
592 3993 701 4048 loannis
709 3992 828 4064 arcltiep.
840 3993 912 4051 Corv-

127 4062 345 4132 stantinopolitani
362 4076 396 4117 er
411 4061 543 4119 &varone
561 4062 588 4117 in
607 4061 738 4119 'l'ltomam
759 4066 910 4133 apostolum

126 4136 149 4181 et
164 4140 252 4186 contra
272 4134 405 4194 enatans,
424 4132 501 4203 ctrjus
519 4133 624 4189 initium
645 4151 653 4189 a
672 4134 694 4191 t
728 4134 736 4187 i
755 4135 863 4206 quidem
883 4145 912 4192 et

126 4194 242 4285 &ensis
252 4202 454 4284 optemperans.
466 4204 671 4287 comittem-ista
687 4148 774 4289 :fifteen
786 4206 907 4271 audiens,

126 4273 546 4413 tnnttatnatllitn
555 4276 912 4416 elatiiliilitiitg

124 4411 232 4477 nandans
243 4428 277 4469 ac
296 4423 425 4471 tremens.
447 4413 571 4486 Expandi
589 4432 650 4471 oum
669 4416 758 4485 digitis
770 4426 799 4472 et
812 4417 909 4474 uttitttae

125 4482 237 4560 omina,
249 4496 279 4539 et
291 4483 359 4539 duaa
373 4499 420 4553 per
433 4484 485 4541 lvoc
498 4488 669 4556 operationes
681 4487 765 4541 sensi.
778 4488 854 4553 Quod
870 4496 915 4543 te·-

123 4555 267 4610 mvoonian
281 4554 406 4611 similiter
418 4555 545 4611 eolbtum
560 4567 603 4611 ort
614 4570 676 4611 cum
691 4556 759 4611 iittro
772 4557 909 4613 memina-

124 4635 198 4677 turso
208 4626 314 4694 monto
325 4640 342 4680 a
354 4635 430 4697 parto
439 4626 512 4683 sedis
519 4627 680 4697 npnnettoa
690 4628 806 4695 atadqaae
816 4627 910 4685 Rornae

122 4702 145 4744 rt
155 4696 288 4751 ιαιειιιιιι.
305 4693 408 4751 Mnus
419 4706 502 4751 tornea
514 4699 607 4769 lepitar
620 4697 671 4765 lde,
687 4697 738 4769 leqi
761 4696 889 4756 &elusim
897 4740 914 4768 μ

122 4775 189 4829 ιιιιι
199 4764 269 4833 illic,
286 4766 338 4837 tort
351 4766 459 4837 notitiem
472 4777 500 4825 et
512 4768 649 4825 Ecclesiae.

1009 1876 1129 1932 Consors
1141 1880 1215 1929 corte
1230 1881 1271 1926 est
1281 1872 1400 1927 omnium
1417 1873 1585 1931 eruditorum
1597 1877 1689 1946 opinio
1700 1893 1768 1934 evin·

972 1949 1079 2004 nortem
1097 1959 1158 2000 esse
1178 1941 1372 2014 etarpsosvoaao
1394 1958 1503 2011 prorsus
1524 1945 1669 2016 indignant.
1686 1947 1769 2006 'lille-

973 2015 1092 2074 moatins
1106 2029 1178 2078 vero,
1187 2011 1232 2082 qni
1241 2021 1368 2082 quantum
1377 2013 1410 2066 ad
1423 2015 1574 2082 rpnritotem
1584 2019 1767 2087 npusonlicaa·

973 2089 1039 2144 teris
1053 2083 1239 2156 adstipulatur,
1252 2084 1377 2152 opinatur
1392 2081 1461 2140 hatte
1474 2083 1611 2144 immittam
1625 2103 1696 2150 artavo
1714 2087 1769 2146 404

972 2157 1083 2216 Edessae
1096 2157 1123 2212 in
1137 2153 1328 2222 Mesopotamia
1340 2153 1451 2208 dictam.
1467 2173 1477 2208 ι
1494 2154 1616 2222 Videtur,
1635 2177 1644 2212 t
1661 2160 1765 2229 inquit,

974 2247 984 2282 t
999 2229 1032 2287 ad
1050 2227 1178 2284 tumidum
1195 2225 1224 2278 s.
1236 2223 1357 2290 Tiona,
1372 2222 1397 2278 id
1411 2235 1453 2280 cst
1463 2225 1571 2283 Edessae
1580 2229 1606 2284 in
1617 2227 1768 2300 llesopom-

971 2301 1036 2366 mia‚
1050 2297 1119 2356 itanc
1141 2295 1290 2353 orationem
1302 2293 1401 2350 dictam
1416 2291 1509 2354 inisse.
1524 2297 1574 2354 itte
1587 2299 1684 2356 dicitur
1697 2302 1768 2358 neq,

971 2372 1065 2428 turrim
1080 2379 1106 2424 ot
1119 2375 1200 2435 rapat
1222 2365 1365 2422 arianismi
1378 2364 1525 2435 dejecisse,
1540 2369 1737 2443 'thraciamque
1751 2391 1765 2426 a

971 2440 1114 2516 tyrannide
1142 2438 1291 2502 liberasse,
1315 2444 1510 2508 tyrannumque
1534 2442 1765 2500 eavervaiaavisso.

970 2513 1151 2581 Precaturquo
1167 2517 1195 2564 ut
1207 2509 1286 2562 etiam
1308 2505 1480 2564 Occidovrtem
1492 2509 1527 2566 alt
1540 2511 1699 2570 arianorum
1723 2513 1765 2570 lu·

969 2598 1032 2640 rore
1045 2590 1136 2646 eruan,
1154 2591 1181 2635 ut
1194 2578 1235 2634 ior
1247 2578 1291 2634 ille
1306 2575 1436 2634 barbarus
1452 2579 1574 2636 vincatur
1592 2591 1620 2638 et
1639 2584 1763 2654 prodige·

971 2653 1115 2720 tonstrina
1135 2650 1257 2721 pratiatur,
1280 2647 1428 2718 Imperator
1451 2649 1536 2706 vietor
1560 2663 1676 2710 manent.
1702 2653 1766 2712 ilua

970 2738 1052 2794 porro
1065 2721 1159 2779 reterri
1171 2734 1251 2791 posse
1261 2717 1386 2776 videatur
1398 2719 1424 2775 in
1439 2734 1538 2776 annum
1554 2722 1625 2790 toa,
1640 2739 1712 2780 artato
1725 2727 1765 2780 vi-

969 2795 1069 2852 delicet
1082 2793 1175 2864 elapso
1188 2800 1330 2862 postquam
1343 2789 1457 2846 'lltraoia
1477 2805 1492 2845 a
1514 2791 1607 2848 Gaianae
1621 2796 1765 2866 tyrannide

969 2865 1080 2921 tinerava
1091 2862 1189 2929 iuerat,
1203 2877 1263 2917 cum
1274 2859 1485 2916 Alaricnsltaliao
1497 2861 1686 2920 formidolosus
1695 2876 1764 2922 erat.

970 2933 1089 3006 Uterque
1103 2933 1176 2990 enim
1198 2931 1314 2988 Arianos
1337 2939 1405 2988 erat.
1421 2931 1468 2986 llio
1489 2942 1581 2989 orator
1593 2934 1709 2992 arianos
1724 2936 1765 2992 in·

969 3015 1097 3078 terrogat.
1112 3003 1245 3060 undenam
1258 3002 1413 3070 blasphema
1429 3001 1499 3058 dicta
1513 3015 1561 3058 aua
1574 3005 1763 3075 accepissent;

966 3091 1002 3133 an
1025 3087 1054 3133 ut
1073 3075 1190 3130 Thomas
1212 3071 1312 3128 Christi
1336 3071 1426 3142 plagas
1458 3071 1606 3142 tetigissent
1624 3093 1633 3128 t
1651 3093 1657 3130 :
1674 3073 1764 3148 Ecqua

967 3163 1056 3213 monn,
1073 3145 1166 3219 inquit,
1182 3161 1215 3199 nn
1238 3159 1268 3199 en
1290 3157 1341 3214 quo
1366 3143 1476 3212 pretioso
1492 3159 1552 3199 varo
1567 3146 1698 3218 rapuisti?
1712 3163 1764 3219 qvtn

966 3218 1098 3289 mariolas
1124 3214 1292 3287 cotttpilnrtil
1316 3230 1367 3286 qrm
1390 3212 1491 3269 duriori
1515 3216 1599 3287 spolio
1620 3218 1764 3285 excepisti!

966 3305 1016 3359 quo
1032 3288 1170 3343 ntemedenr
1190 3286 1327 3357 impietatis
1342 3284 1469 3339 terruisti?
1491 3302 1541 3356 qun
1558 3288 1690 3355 ronqninis
1703 3304 1763 3344 nant

965 3360 1109 3429 coadastil
1125 3376 1134 3411 r
1153 3356 1216 3412 llaec
1227 3366 1302 3413 certe
1315 3354 1409 3411 reterri
1426 3364 1537 3425 possunt
1551 3356 1583 3412 ad
1598 3344 1763 3429 direptiones

965 3444 981 3485 a
994 3430 1079 3487 daim
1094 3428 1253 3497 Arianisquc
1269 3433 1404 3497 patratas,
1420 3426 1465 3496 qui
1480 3441 1546 3481 sane
1560 3428 1681 3484 ccelesiis
1704 3446 1759 3484 aon

966 3509 1153 3571 pepercerant.
1171 3496 1268 3554 Verum
1284 3495 1326 3551 ltls
1340 3496 1476 3567 quidpiam
1494 3495 1656 3569 singularius
1669 3499 1763 3554 sathin·

965 3572 1050 3629 dicari
1064 3570 1179 3625 videtur.
1203 3568 1268 3625 Cum
1283 3566 1354 3622 eninr
1370 3566 1493 3637 nuspiam
1512 3577 1636 3625 narretur
1649 3568 1762 3627 [lavinam

965 3643 1081 3712 aliquam
1096 3638 1278 3710 apostolorum
1288 3636 1423 3693 celebrem
1438 3636 1580 3694 ecelesiam
1594 3636 1738 3710 diripuisse
1754 3660 1759 3693 ι

964 3714 1106 3784 opinamur
1117 3714 1205 3782 ipsum
1219 3707 1361 3765 Aroadium
1374 3704 1675 3780 Constantinopolitanae
1690 3714 1762 3784 dpa-
1781 3748 1784 3755 ,

963 3784 1095 3841 stolorum
1110 3782 1231 3838 eeclesia
1245 3780 1362 3851 pretiosa
1378 3792 1441 3835 vasa
1457 3778 1600 3836 abstulisse
1611 3794 1691 3847 ,eum
1714 3796 1760 3836 nr-

962 3852 1184 3927 parietariam,
1212 3850 1382 3919 instanteque
1404 3849 1577 3918 necessitate,
1601 3866 1654 3907 vion
1669 3860 1780 3923 postet·

963 3926 1017 3981 ulio
1033 3924 1113 3981 modo
1127 3932 1229 3980 lavatam
1240 3920 1297 3976 auri
1307 3920 1359 3974 viva
1372 3920 1501 3987 anullare,
1525 3930 1651 3989 quantam
1665 3924 1758 3992 cuine·

964 3998 1009 4053 tna
1029 3996 1073 4053 iile
1088 4010 1136 4065 pro
1157 4010 1186 4049 sc
1201 4004 1228 4050 et
1242 4006 1290 4061 pro
1305 3990 1434 4046 mititilvns
1446 3994 1514 4046 sals.
1536 3990 1604 4047 linio
1618 4006 1682 4047 vem
1696 4007 1760 4047 seva·

964 4068 1055 4124 tentiae
1081 4065 1241 4121 larentinae
1264 4061 1366 4125 verita.
1389 4060 1532 4117 dlerredniv
1559 4062 1703 4132 iarpietotir.
1721 4074 1765 4118 ta·

963 4138 1075 4193 renoscit

999 4202 1449 4272 ttacsaaoanmtapstmaomatao
1458 4202 1605 4272 explorans,
1615 4198 1758 4255 admodum

962 4279 1109 4349 prouerbilia
1123 4286 1193 4331 suan.
1207 4274 1379 4343 Qvodantem
1393 4284 1455 4327 ante
1470 4272 1600 4327 tumulum
1610 4270 1637 4325 S.
1648 4268 1759 4327 'l'lvomn

962 4350 1021 4405 tao
1034 4348 1129 4405 concio
1143 4346 1235 4402 lraliita
1250 4345 1347 4409 luerit,
1365 4344 1471 4413 planum
1487 4352 1515 4397 et
1534 4350 1665 4397 assertum
1680 4341 1756 4397 vide·

962 4430 1006 4476 tar
1027 4435 1061 4474 ca
1086 4418 1160 4475 ttisce
1188 4414 1274 4471 verbis
1296 4415 1345 4468 snlt
1367 4412 1448 4469 daem
1472 4412 1606 4469 lvootilioe:
1621 4430 1630 4465 v
1646 4410 1758 4483 suscipe

962 4491 1056 4547 varbctn
1078 4490 1160 4545 cirveri
1177 4498 1222 4543 tuo
1246 4484 1439 4555 supplicantem
1453 4500 1460 4539 :
1474 4492 1580 4553 aarum
1595 4494 1702 4539 omnem
1723 4482 1776 4543 ari.

962 4560 1124 4630 legationem
1147 4554 1313 4613 svtbeundam
1330 4556 1425 4611 misit:
1440 4566 1519 4611 renea
1542 4563 1569 4611 et
1586 4552 1700 4625 latrones
1714 4564 1778 4629 lump

961 4632 1036 4688 mulo
1049 4630 1225 4687 advolvimur.
1241 4646 1258 4680 a

999 4700 1185 4771 uvtorprotatio
1199 4698 1293 4755 Latina
1308 4704 1349 4753 est
1364 4694 1621 4765 ffiovttouislineaoi.

121 4992 216 5046 mm
235 5002 268 5046 ΙΙ
290 5000 439 5046 ΜΙΩΊὌΙ
459 5000 598 5045 ΤΙΙΟΙΑΙ
621 4999 819 5051 fflm'owll.
841 5000 883 5043 ΙΤ
903 4998 1028 5043 cottana
1051 4994 1202 5050 antenna,
1224 4992 1331 5060 usque
1353 4992 1393 5037 ΕΟ
1414 4988 1469 5045 QUI
1490 4984 1709 5035 Ttunttttttttiu:
1723 4981 1754 5027 U

282 5100 422 5147 suescit
445 5100 634 5156 (accuravit,
661 5101 701 5146 Π
723 5102 742 5147 8
762 5099 866 5147 uitulo
886 5096 1044 5143 soltanus
1065 5097 1133 5145 EST.
1155 5095 1222 5141 llll!
1243 5094 1310 5139 lm
1331 5092 1467 5137 ssldlills
1489 5088 1600 5139 ESSET„

835 5225 1019 5285 Gomon

151 5350 209 5424 legi
228 5354 338 5424 quidem
355 5349 482 5406 Ecclesiae
498 5350 706 5421 obtemperans.
721 5358 751 5405 ut
773 5350 856 5411 licuit.
873 5351 907 5405 ita.

120 5419 165 5478 lave
177 5425 290 5479 innonat
300 5420 429 5487 aseendi;
445 5436 536 5477 verum
550 5421 700 5493 argumenti
718 5420 902 5492 magnitudine

119 5505 249 5561 superatus
260 5495 363 5559 haereo,
376 5502 404 5549 et
424 5492 592 5562 undiquaque
604 5492 776 5559 constrictus,
788 5506 841 5573 qno
854 5506 901 5561 pa·

119 5572 223 5621 ctorem
237 5567 316 5621 istam
330 5562 457 5632 exsequi,
471 5571 498 5618 et
516 5577 570 5633 quo
585 5577 686 5633 genere
704 5562 834 5617 orationis
854 5576 902 5615 ex·

120 5634 201 5698 todire
215 5637 325 5707 possim,
345 5636 449 5704 igttoto.
474 5636 552 5687 datrae
567 5642 702 5705 tavvvqnanr
719 5632 806 5686 vivnm
826 5622 900 5686 rtis-

119 5717 181 5759 mam
189 5706 437 5777 prudieaboldtqai
448 5713 563 5758 mortem
570 5704 628 5773 ejas
639 5701 899 5773 prarvlicattuvanlus.

119 5776 331 5834 dnuentortumn
352 5774 484 5831 atartatlml
499 5776 579 5843 ‹ttqnt
601 5792 616 5827 a
638 5776 717 5830 rclnts
732 5774 796 5844 ipsis
809 5774 900 5828 redar·

118 5858 186 5912 ruor-
202 5849 431 5913 romanamet,
446 5852 473 5899 ct
486 5845 645 5901 inimortalis
663 5863 668 5899 :
683 5856 710 5901 et
727 5854 847 5901 retortum
859 5851 901 5900 est

955 5356 985 5403 nt
1004 5346 1103 5409 laetate,
1116 5352 1144 5399 et
1158 5338 1284 5397 mundum
1299 5338 1432 5411 perctarit
1446 5349 1474 5393 ut
1493 5334 1603 5407 angelus
1622 5350 1628 5388 :
1645 5342 1672 5389 et
1688 5348 1752 5402 pas·

955 5418 1058 5473 sintvctn
1070 5412 1186 5481 excepit.
1203 5419 1230 5466 et
1242 5425 1303 5465 eunt
1319 5408 1485 5474 passimvilnvs
1497 5414 1594 5489 nuntiat
1608 5422 1614 5459 :
1631 5414 1659 5461 ct
1670 5404 1752 5459 deor·

955 5502 1014 5543 sum
1024 5488 1107 5569 jacet,
1120 5494 1147 5539 et
1162 5496 1269 5539 svvrsum
1284 5480 1397 5533 instatur.
1413 5478 1483 5533 Nihil
1496 5490 1567 5532 envm
1586 5490 1648 5531 evim
1661 5476 1750 5531 celare

957 5568 1055 5627 potavit,
1076 5555 1165 5612 nullus
1187 5567 1248 5609 eum
1272 5551 1346 5605 laevas
1366 5546 1525 5612 occultantia
1552 5556 1635 5602 toturn
1656 5544 1750 5600 ‹irbcm

955 5639 1086 5683 terrarum
1103 5618 1421 5680 illuvnittavit.'lurnu1nm
1437 5618 1528 5681 subiit,
1542 5616 1589 5673 sed
1605 5614 1748 5697 undecum-

954 5715 1008 5769 que
1033 5708 1167 5769 tamqnam
1185 5693 1225 5750 sol
1249 5691 1370 5747 exoritur
1393 5706 1401 5745 :
1423 5688 1546 5743 vicerunt
1567 5694 1666 5745 terram
1682 5682 1748 5768 pnstl
1815 5722 1818 5729 .

956 5769 1087 5839 reliquiae,
1102 5783 1134 5822 ac
1147 5760 1361 5821 reltnsonmibns
1373 5760 1473 5815 croatia
1485 5758 1748 5829 arvrplinrapparott:

955 5840 1166 5912 peruniversuuv
1180 5832 1308 5897 muriam
1318 5832 1403 5905 pratia
1414 5832 1499 5904 ipsum
1511 5831 1645 5903 dispersit.
1654 5826 1749 5887 divinis
