4084 6350
224 298 341 357 ‘dib

287 416 378 489 ptitati
396 423 461 472 sunt
476 423 505 472 et
525 415 685 483 dlumiuali,
705 414 836 471 donorum
855 414 902 471 bei
925 414 1082 471 memoriam

286 488 410 554 rebicett
422 502 469 543 ens
480 503 554 555 vero,
562 488 606 559 qni
617 486 783 543 illuminandi
794 495 867 553 sunl,
878 486 911 542 ad
921 485 1083 556 baptismum

287 560 377 615 acrius
389 558 555 615 cohortetur.
575 559 621 614 Sic
634 559 706 615 enim
723 566 829 629 oportet
842 599 849 619 ,
865 569 894 613 ιιι
906 557 940 613 ad
956 566 1084 638 utrosque

287 630 396 687 babitus
414 645 505 687 scrmu
524 630 561 685 sit
578 630 678 685 mixtus
690 646 697 683 ε
711 628 927 699 quandoquidem
944 630 1020 683 turba
1036 628 1085 683 bet

286 700 421 758 cultorum
438 717 471 758 ex
490 702 576 767 viris,
589 702 634 772 qui
648 701 782 773 mysteriis
796 701 891 756 ittitiati
910 710 972 755 suot
984 742 993 767 ,
1005 710 1083 755 etex

287 774 332 838 iis,
345 774 391 841 qm
403 769 552 839 initiantur,
565 782 609 829 est
622 773 715 827 utista.
731 770 832 828 Nacttts
845 788 905 827 som
919 772 998 841 igitttr
1013 768 1084 854 unde

286 845 315 899 el
335 857 384 899 vus
404 845 414 877 ¹
433 858 528 901 comcs
546 852 651 899 veteres
672 843 770 899 Christi
798 858 895 899 vernas
916 842 995 914 epulo
1012 857 1084 897 exct-

286 915 378 985 piam,
393 926 423 971 et
440 931 495 1041 «pto
506 926 587 986 pacm
600 923 707 970 nostros
721 929 806 983 nuper
824 922 930 986 emptos
943 928 1038 995 servos
1049 912 1083 969 ad

286 987 437 1042 vocationis
462 987 601 1041 ibertatcm
613 985 796 1041 cohortabor:
811 985 945 1041 enarrabo
957 984 1084 1039 lratrtbus

285 1058 357 1113 meis
375 1057 446 1112 dicta
461 1056 597 1113 dominica
609 1098 617 1120 ,
632 1073 692 1125 quae
706 1068 819 1128 possunt
837 1066 865 1113 et
876 1072 924 1113 eus
936 1097 944 1119 ,
958 1056 1003 1126 qui
1017 1054 1084 1110 olim

286 1128 387 1198 regiam
402 1128 508 1183 vineam
522 1135 707 1195 occuparunt,
721 1129 901 1199 promptiores
913 1127 1039 1191 ellicere,
1056 1133 1085 1181 et

285 1212 353 1260 eos,
367 1199 412 1269 qni
426 1214 480 1254 uota
500 1198 536 1253 ita
556 1198 660 1269 pridem
673 1198 707 1253 ad
721 1214 778 1253 cam
794 1198 987 1271 inspiciendam
1007 1198 1083 1252 ineu·

285 1268 419 1331 buerunt,
433 1269 466 1325 ad
479 1271 594 1326 similem
612 1270 699 1324 arlant
714 1270 872 1326 accendere.
890 1267 981 1324 Simile
991 1281 1028 1323 ert
1040 1284 1083 1323 re·

284 1356 364 1413 prtum
384 1340 505 1395 selorum
524 1340 621 1395 ltotuiui
643 1340 898 1423 putrifutrtiliot,qut'
919 1340 979 1395 eaiit
1001 1340 1084 1408 pdme

285 1427 361 1465 mune
370 1411 510 1465 conducere
518 1412 648 1483 operatios
657 1413 685 1465 itt
696 1427 793 1466 utacum
802 1428 887 1467 ructu.
897 1409 1084 1466 Patrcutlnmi-

285 1482 346 1546 lias,
357 1497 404 1537 seu
414 1481 552 1537 dominum
563 1484 670 1539 domus.
683 1484 811 1539 bomious
821 1484 938 1552 scipsum
949 1479 1080 1553 appellat:

285 1554 424 1623 operarios
438 1568 503 1608 vcro
518 1554 591 1609 circa
610 1554 714 1609 tertiam
731 1566 759 1609 et
776 1566 880 1611 sextam
898 1562 926 1608 et
943 1568 1041 1607 rtttttam
1056 1560 1085 1607 et

285 1622 456 1679 undecimam
473 1635 582 1680 vocatos
596 1634 732 1695 nuncupat
746 1640 842 1681 omnes
856 1625 924 1694 pios,
937 1624 983 1695 qni
999 1624 1085 1693 bapti·

285 1708 373 1748 smum
388 1694 415 1748 in
424 1694 538 1752 diversis
549 1696 671 1751 aetatibus
684 1705 861 1768 susceperuut
872 1713 879 1750 ς
891 1696 996 1751 vincam
1008 1696 1084 1751 salu-

285 1764 352 1819 laria
372 1764 437 1820 dicit
456 1767 580 1822 mandata
593 1807 601 1830 ,
614 1768 712 1837 qttilms
729 1782 823 1837 partim
840 1767 939 1823 laboris
954 1767 1042 1829 inest,
1057 1774 1085 1821 at

250 1886 253 1893 .
285 1834 399 1889 mttitutu
420 1836 498 1893 locri.
514 1837 606 1893 Simile
618 1850 654 1893 est
667 1855 774 1909 requam
790 1839 911 1894 coelnton
924 1838 1020 1892 model
1035 1853 1084 1917 pa·

285 1907 441 1977 trileruilius,
455 1909 499 1978 qst'
510 1909 571 1963 sciit
583 1910 664 1980 priato
678 1926 754 1964 mone
765 1910 906 1964 conducere
914 1908 1044 1977 operemus
1056 1921 1084 1960 ur

285 1976 384 2031 cineum
392 1994 477 2033 mant.
485 1978 655 2035 conuentione
664 1992 747 2035 uatettt
757 1984 826 2052 facto
834 1996 893 2035 cum
903 1978 965 2039 illis.
975 1980 1025 2035 ltuc
1032 1987 1083 2046 est,

284 2061 347 2103 cnm
359 2050 507 2118 operariis,
520 2067 552 2105 ea
561 2051 667 2106 denarie
681 2052 792 2119 diurno,
807 2053 875 2106 misit
885 2068 928 2106 eos
943 2054 971 2107 iu
984 2053 1084 2105 alueum

246 2154 250 2163 -
285 2118 474 2187 sustulilattlt.
483 2121 529 2177 ab.
541 2119 580 2195 Ξ).
596 2121 789 2178 Paterlatttilias
802 2138 853 2193 eqo
865 2137 935 2178 stant.
948 2120 1084 2191 Quemad-

246 2225 249 2232 .
286 2189 397 2245 modum
418 2193 491 2247 enim
512 2193 638 2248 dontinus
658 2194 775 2257 domus.
789 2205 869 2264 prout
890 2194 954 2250 libet
966 2237 975 2257 ,
987 2194 1084 2249 domos

246 2292 250 2299 ·
283 2260 427 2316 aedilicat¹
449 2282 456 2316 z
477 2263 519 2319 sic
535 2278 587 2335 equ
607 2265 736 2321 muudum
759 2267 935 2330 universum,
956 2275 986 2322 ιιι
1002 2263 1088 2329 volo,

283 2330 409 2404 dispono.
425 2332 481 2405 Ego
492 2334 533 2388 sol
547 2336 668 2404 ittstitiaa,
685 2337 756 2391 oube
769 2336 943 2393 ltumauitatis
963 2336 1082 2402 indutus,

285 2402 321 2457 ad
336 2402 529 2460 bortianitatem
544 2421 589 2462 ute
606 2407 712 2476 deieci,
730 2418 757 2463 ct
771 2407 912 2477 operarios
923 2408 956 2461 ad
976 2408 1083 2461 vineam

246 2505 250 2521 ·
286 2489 375 2529 mcattt
388 2476 530 2530 colendam
542 2492 667 2547 quaereus
678 2488 832 2535 circumeo.
849 2478 908 2535 Non
929 2478 1083 2533 bominibus

286 2545 394 2615 indigeo
408 2545 569 2603 vinitoribus
591 2568 599 2606 a
619 2549 706 2605 babeo
724 2551 856 2619 siqnidem
870 2552 979 2621 angelos
991 2559 1017 2605 el
1038 2564 1082 2604 ar-

246 2644 250 2653 ·
286 2614 441 2685 cbaoqelos,
454 2620 500 2687 qui
515 2634 560 2681 ea,
573 2634 634 2689 quae
645 2620 716 2685 volo,
733 2621 900 2746 perliciuott
920 2635 1013 2677 verum
1026 2629 1082 2675 ter·

287 2702 368 2741 renos
387 2702 480 2745 servus
493 2704 568 2745 meos
584 2692 612 2744 io
626 2692 694 2746 meis
706 2694 731 2746 ιι
746 2692 778 2747 lis
793 2694 937 2748 stationem
952 2692 1083 2747 ltabctttes

286 2772 400 2813 cernere
412 2762 585 2831 cttocupisco.
601 2762 660 2832 Ego
671 2763 815 2827 circumeo,
829 2774 1082 2833 etquoquoversum

285 2831 490 2900 circumspicio,
506 2846 575 2901 quos
594 2833 744 2899 ittvettiam,
758 2849 828 2903 quos
844 2833 1011 2900 conducamt
1028 2848 1083 2888 nort

246 2931 250 2935 -
286 2910 316 2954 ιιι
333 2899 470 2957 laboribus
481 2902 577 2958 alicnis
591 2904 741 2969 ditescam,
757 2906 807 2961 scd
820 2915 849 2960 ut
869 2920 933 2972 cos,
949 2907 993 2976 qui
1015 2903 1082 2960 milti

247 3013 251 3019 .
286 2971 433 3042 putruerint,
446 2973 587 3042 opulentos
597 2974 717 3029 reddam.
733 2975 825 3031 liabeo
838 2975 947 3032 Petrum
961 2987 989 3032 et
1000 2975 1083 3033 tmo-

249 3083 253 3091 .
285 3056 357 3107 ueot,
367 3042 647 3115 aliosquediscipolos,
655 3045 728 3101 orbis
736 3057 867 3103 terrarum
875 3049 1002 3119 impigros
1010 3048 1083 3119 plan·

247 3149 250 3158 ·
285 3124 373 3168 aarum
386 3115 524 3180 cultores,
539 3117 698 3190 cottprepavi
712 3119 936 3177 :couventionem
949 3133 1011 3175 cum
1030 3120 1082 3176 illis

283 3186 534 3243 erdenariodiurtto
548 3185 598 3246 leci
607 3209 614 3245 ε
623 3193 703 3246 vitato
713 3193 946 3262 ipsorumomucm
954 3193 1082 3262 modost,

285 3271 388 3326 proque
402 3259 475 3313 oanni
494 3275 577 3330 opere
590 3263 661 3331 quod
679 3263 743 3317 milti
760 3262 858 3317 lacieot
869 3303 877 3327 ,
890 3263 1015 3318 daturum
1038 3280 1082 3319 mc

263 3369 267 3378 .
284 3329 340 3382 illis
351 3328 486 3384 mercedis
499 3330 559 3387 lcoo
570 3334 698 3388 celorum
712 3349 825 3404 reguum
836 3334 948 3404 prorolsl
963 3353 971 3389 ε
984 3334 1032 3390 sed
1047 3336 1081 3390 ad

284 3398 438 3468 exerttplum
451 3400 571 3457 animum
583 3419 674 3459 meum
688 3403 716 3459 iti
731 3407 781 3460 soli
795 3419 848 3459 nott
862 3404 1010 3460 sulliciont.
1021 3406 1080 3463 Non

285 3484 396 3594 possum
413 3471 545 3542 agricolas
558 3489 669 3529 uuutero
687 3476 798 3546 exiguos
816 3492 910 3531 arvum
924 3491 1013 3532 meum
1033 3493 1081 3534 co-

295 3549 371 3595 eutes
391 3541 486 3597 intueri
507 3561 515 3597 ι
538 3545 564 3599 itt
583 3553 724 3616 augustum
746 3546 842 3603 deduci
863 3546 989 3601 ridentur
1009 3549 1081 3604 octtli

285 3611 349 3672 mei,
361 3612 426 3667 dum
441 3622 480 3668 ιοι
492 3628 575 3670 cerno
590 3617 776 3672 tandummodo
789 3635 796 3672 ι
809 3617 896 3672 adimo
909 3619 977 3672 alios
987 3627 1081 3676 arato·

284 3696 329 3736 res
342 3693 441 3752 expeto
452 3724 461 3750 ,
474 3683 563 3742 adbuc
581 3687 662 3742 etiam
675 3688 743 3744 alios
760 3686 943 3744 mercenarios
957 3700 1079 3759 exopto,

249 3821 254 3830 Ο
284 3751 373 3808 adltuc
385 3754 466 3810 etiam
478 3756 547 3814 alius
559 3767 661 3830 ntystas
673 3773 777 3830 quaero.
792 3759 933 3828 Spatiosus
944 3767 988 3814 est
999 3769 1027 3817 ct
1039 3765 1082 3819 irt-

283 3838 351 3893 gens
373 3825 562 3883 mandatorum
585 3846 706 3886 meorum
731 3829 870 3900 paradisus
890 3848 897 3883 :
916 3845 1010 3887 ontnes
1034 3837 1080 3905 qui

283 3895 349 3950 milti
357 3895 521 3953 credideriut
532 3941 538 3964 ,
549 3902 621 3971 capit
631 3921 638 3956 :
650 3917 745 3956 orttoes
756 3901 862 3956 virtutis
871 3895 1007 3958 aruatdres
1017 3919 1079 3962 curn

282 3967 427 4037 receperit,
440 3968 528 4024 adltoc
548 3973 578 4026 lit
593 3973 682 4027 latior.
697 3972 766 4041 Quid
781 3971 860 4044 igitur
874 3971 970 4027 luciam
983 3975 995 4027 ι
1008 3977 1080 4034 tmde

284 4052 341 4092 mea
354 4047 430 4108 septa
442 4041 680 4110 compleboiuodc
692 4046 782 4113 plores
791 4055 921 4099 accensos
939 4044 1079 4103 invitabo?

244 4109 249 4116 ⁴
282 4108 369 4164 Exibo
390 4125 485 4167 rursus
508 4113 536 4167 iu
554 4114 631 4169 trivia
644 4115 762 4185 ipsorum
777 4114 789 4167 i
804 4113 884 4170 eribo
898 4114 932 4170 ad
946 4130 1015 4180 eus,
1031 4120 1078 4188 qui

281 4189 430 4248 spontaneo
443 4187 655 4242 errattterrore?
667 4185 746 4241 cribo
755 4184 789 4240 ad
804 4186 1079 4258 negligenteslexibo

280 4250 315 4303 ad
330 4252 424 4322 inopes
436 4254 596 4324 opulentus,
621 4267 649 4311 ιιι
669 4257 763 4328 inopes
777 4255 888 4312 reddam
910 4257 1078 4329 opulentos?

243 4334 247 4342 ·
281 4321 361 4377 exibo
373 4337 466 4378 rursus
484 4326 518 4381 ad
530 4328 669 4397 operarios
682 4328 869 4400 colligendos?
879 4329 936 4400 Ego
945 4333 1016 4398 quod
1028 4331 1078 4387 de·

243 4460 246 4467 .
280 4389 359 4450 betur
377 4395 513 4462 prestabo
532 4413 542 4453 :
563 4397 700 4456 advocabo
719 4415 811 4455 rursus
830 4401 912 4455 etiam
932 4415 1076 4472 pauperes.

281 4461 368 4516 ileum
384 4474 425 4520 est
440 4466 589 4536 cohortari,
606 4470 711 4525 illorum
725 4485 818 4540 parere
834 4487 841 4523 :
855 4486 945 4527 nteunt
956 4482 998 4526 cst
1011 4474 1077 4531 dare

281 4532 352 4589 velle
367 4537 536 4605 mercedem,
550 4539 656 4595 illorum
671 4551 713 4596 est
727 4541 795 4597 veile
806 4541 929 4612 accipere
944 4557 952 4596 :
973 4543 996 4599 si
1010 4545 1077 4600 milti

280 4606 430 4676 paruerint,
444 4617 472 4664 et
484 4611 549 4666 tttilti
563 4620 592 4666 ct
605 4610 656 4666 sibi
672 4611 737 4681 ipsis
749 4613 989 4683 qratltioaoootor:
1004 4615 1076 4684 quod

280 4674 303 4730 si
328 4676 393 4731 mibi
418 4695 470 4734 oon
492 4681 629 4748 obediant,
645 4685 804 4753 semetipsos
818 4683 917 4739 datuoo
931 4683 1074 4747 allicicnl:

280 4759 343 4801 nam
358 4748 425 4804 milti
439 4767 606 4824 nequaquam
622 4752 738 4809 decruol
750 4753 886 4824 agricola,
899 4756 944 4825 qui
957 4756 1075 4813 circum·

278 4815 373 4874 ludere
391 4829 418 4875 el
438 4824 578 4880 scrobibus
596 4824 705 4896 cingere
719 4827 834 4896 possint,
846 4837 874 4881 et
889 4825 1012 4896 paltnites
1027 4843 1076 4898 pu·

279 4899 336 4944 tare
351 4907 358 4944 :
374 4890 473 4948 inculta
488 4895 565 4950 vines
579 4910 639 4950 mea
660 4897 703 4952 vel
725 4896 824 4952 sterilis
839 4910 998 4966 pcrtoanere
1019 4914 1074 4955 nort

278 4969 378 5029 polest.
385 4960 421 5016 Et
430 4980 545 5036 spasmus
553 4968 623 5021 circu
632 4966 723 5021 lterum
732 4967 844 5035 tertium,
855 4968 917 5022 uidit
929 4968 995 5023 ulios
1004 4979 1075 5026 stutt-

278 5040 315 5085 tes
331 5032 358 5086 in
375 5035 433 5104 [arc
449 5035 552 5101 otiosus,
570 5047 595 5091 et
609 5037 674 5092 erait
685 5037 738 5092 illis
754 5054 763 5093 .·
779 5034 818 5094 lte
831 5047 855 5093 et
867 5055 911 5093 ros
929 5039 956 5094 iu
976 5040 1075 5096 rincum

277 5116 359 5156 meror
379 5103 389 5175 (
403 5102 473 5161 idid.
489 5123 514 5163 o.
529 5107 557 5163 5.
572 5114 596 5162 et
611 5107 659 5181 ι).
674 5107 736 5175 Ubi,
749 5124 852 5180 quaeso,
869 5125 948 5166 tuane
963 5109 1074 5167 luistisl

276 5172 321 5250 nbi
342 5177 527 5244 superioribus
541 5177 636 5234 diebus
649 5178 738 5235 fuistis
751 5179 764 5233 ι
779 5195 828 5235 cur
838 5195 891 5236 nou
915 5197 959 5237 me
972 5183 1073 5252 quaesi·

278 5245 364 5312 vistis,
384 5249 428 5320 qui
441 5248 476 5304 ad
495 5263 544 5304 vos
561 5250 722 5317 quaerendus
742 5252 884 5308 exieram?
900 5265 949 5308 cur
970 5267 1024 5308 noo
1039 5253 1073 5310 ad

278 5313 419 5373 utilitatem
433 5327 549 5377 nestram
563 5337 642 5378 marte
654 5323 828 5379 surrexistis?
841 5322 953 5379 ddecus
966 5323 1073 5394 pietatis

277 5386 368 5442 radios
381 5387 518 5458 igttoratis,
533 5400 564 5447 ut
583 5391 655 5448 dictu
676 5408 737 5450 esse
751 5403 856 5451 ttocleut
879 5393 1073 5450 arbitremini?

269 5462 304 5509 et
318 5456 462 5530 ndulqsotc
475 5463 577 5519 lorniue
588 5465 728 5531 veritatis,
748 5480 797 5521 vos
808 5481 891 5535 quare
904 5465 1027 5537 caligatis
1045 5475 1074 5523 et

308 5620 317 5652 ¹
335 5625 397 5668 tres
406 5625 460 5668 lass.
473 5620 823 5684 mbeotmsti'ditilerunt,
834 5634 885 5674 taor.

305 5683 317 5713 ²
333 5679 425 5731 Fronto
435 5679 541 5734 Ducem
553 5683 686 5748 legendum
697 5693 779 5749 putat,
792 5685 890 5736 durarum
900 5682 1054 5739 arnamar

274 5745 338 5859 Lep&
347 5742 660 5862 οιέᾱιιιέιιιιιιίιέιιιὶιέεῃιιὸιιιιιιιιι
673 5748 805 5800 lectionem
825 5760 988 5814 sequeremur
998 5720 1071 5802 alvei

1050 296 1185 357 sedata.

1138 414 1289 472 dorotitatls
1298 415 1310 470 ι
1320 412 1395 471 Nunc
1408 414 1504 473 saltem
1515 416 1743 487 expergiscimini,
1757 434 1828 477 onoc
1839 420 1937 480 saltem

1137 486 1280 556 evigilate·
1304 502 1374 541 nunc
1395 485 1490 543 saltem
1510 488 1717 555 cottrcrtimiui,
1739 507 1810 547 ttunc
1837 492 1936 549 sallem

1136 556 1218 613 sobrii
1233 566 1327 613 estole.
1343 556 1413 613 itaet
1426 574 1470 612 roa
1481 558 1509 613 iu
1521 559 1620 614 cineam
1634 560 1836 630 menualidctc,
1850 579 1936 633 quau·

1138 637 1193 683 tutu
1208 628 1403 698 vos-diligam:
1426 629 1559 684 matutino
1578 640 1698 700 tempore
1719 633 1936 701 pradicationem

1137 699 1268 771 etartqelll
1292 714 1346 755 ιιοιι
1370 699 1590 770 circumscripsi,
1614 703 1740 759 secundis
1758 704 1860 760 adituut
1882 721 1936 762 oon

1137 771 1269 834 obstruxi,
1283 771 1488 827 couversionem
1500 781 1617 827 vestram
1631 775 1715 842 prima
1729 776 1871 831 vocatione
1881 793 1935 833 uon

1137 841 1307 898 circumclusi
1324 858 1330 895 :
1355 843 1476 908 qttamvis
1496 841 1588 897 ltoratu
1602 844 1635 898 ad
1658 847 1842 912 qtoertitentiam
1858 850 1936 905 nobis

1138 913 1235 971 indulsi
1250 929 1258 978 ;
1272 913 1395 985 quamvis
1410 923 1516 969 :etatem
1534 914 1622 971 obviis
1643 916 1713 971 ttlttis
1727 918 1843 989 excipio.
1858 919 1935 977 Licet

1137 985 1252 1041 lautores
1264 983 1329 1039 mibi
1345 982 1501 1049 olieraotttr,
1517 984 1595 1039 lactus
1608 986 1720 1042 admitto
1732 1007 1739 1042 r
1755 1004 1816 1045 ttnm
1830 1005 1881 1059 ego
1894 992 1936 1047 itt·

1138 1054 1249 1111 lamium
1270 1064 1376 1110 creator
1390 1072 1468 1116 suut,
1484 1064 1511 1110 el
1534 1064 1610 1123 pater
1630 1065 1658 1111 ct
1672 1070 1768 1119 mater.
1785 1068 1813 1115 et
1825 1063 1894 1117 altor
1909 1071 1937 1117 ct

1136 1126 1293 1181 alioteotum
1307 1144 1313 1179 :
1325 1127 1382 1181 sive
1392 1127 1470 1207 pueri
1482 1124 1514 1179 nd
1527 1140 1571 1179 me
1581 1126 1760 1185 balbutientes
1767 1128 1934 1200 cortlugiaut,

1137 1196 1191 1251 illis
1212 1196 1355 1251 delector:
1377 1212 1434 1252 stve
1444 1197 1566 1266 juniores
1585 1198 1733 1263 accedant,
1750 1202 1845 1270 majori
1859 1204 1936 1257 volo·

1138 1277 1210 1335 prate
1223 1266 1367 1337 pttrlttodor
1382 1285 1389 1322 :
1404 1268 1462 1323 sive
1483 1266 1593 1338 perlecti
1609 1268 1656 1323 viri
1671 1283 1832 1339 accurrant,
1847 1276 1936 1329 susci-

1137 1338 1182 1407 pio
1195 1356 1204 1394 a
1217 1353 1312 1395 omnes
1332 1352 1393 1393 cum
1415 1337 1467 1393 lide
1488 1348 1660 1395 accttt·renles
1681 1349 1815 1413 larttquam
1839 1347 1937 1401 iratres

1137 1424 1212 1465 tuens
1231 1408 1406 1479 complector.
1424 1408 1625 1465 Praeteritorum
1640 1411 1766 1467 ltorarttnt
1786 1413 1876 1469 damni
1894 1433 1938 1471 ra·

1138 1481 1237 1535 tionem
1251 1494 1305 1534 nott
1321 1479 1425 1545 babeo,
1447 1480 1469 1533 si
1484 1480 1601 1535 studium
1625 1490 1653 1537 et
1667 1484 1834 1540 alacritatem
1850 1488 1934 1542 attioti

1137 1550 1254 1613 videant,
1279 1549 1391 1620 igttaritc
1412 1548 1662 1620 praeponderantem
1679 1572 1685 1605 :
1709 1554 1731 1607 si
1747 1569 1804 1620 eos,
1826 1557 1873 1626 qui
1887 1574 1936 1613 vos

1136 1629 1346 1685 arttcvertcrunt,
1355 1622 1460 1691 assequi
1474 1622 1639 1687 studueritis,
1654 1623 1688 1679 de
1703 1626 1797 1680 diurno
1811 1630 1937 1684 otercedc
1989 1688 1994 1700 ¹

1136 1691 1282 1763 quidquam
1304 1706 1357 1747 non
1378 1691 1502 1747 detralto.
1516 1692 1635 1749 Deserite
1653 1694 1757 1751 vineam
1780 1696 1937 1755 lttdrcnrum

1137 1764 1277 1835 linguatam,
1294 1762 1479 1818 immemorem
1500 1761 1633 1832 bettellcii,
1652 1782 1713 1837 qum
1727 1767 1814 1822 solum
1828 1779 1936 1826 acetttm

1137 1835 1212 1889 notit
1224 1833 1348 1891 excolere
1358 1833 1549 1903 :derelinquite
1561 1834 1666 1891 vineam
1675 1840 1710 1893 dc
1722 1836 1839 1909 AEgypto
1849 1849 1938 1898 trans·

1136 1904 1217 1959 latam
1228 1947 1235 1971 ,
1248 1916 1279 1961 et
1298 1904 1456 1961 idololatriae
1470 1902 1637 1976 AEgyptiacn
1656 1907 1828 1965 acerbitatem
1844 1927 1937 1967 secum

1136 1976 1383 2036 circuutlcreotem,
1402 1990 1463 2045 quae
1487 1974 1594 2030 lmtrttot
1616 1980 1803 2035 amaritudinis
1827 1982 1935 2040 tiniluri

1135 2045 1229 2101 didicit
1241 2048 1406 2116 germinare,
1421 2053 1501 2115 atquc
1514 2045 1548 2100 ad
1560 2047 1665 2103 vitream
1681 2065 1767 2105 meam
1793 2054 1908 2110 transite
1921 2071 1931 2119 t

1136 2115 1173 2171 Et
1189 2118 1368 2188 quodiustum
1381 2118 1467 2187 scuit,
1480 2116 1546 2171 dolo
1559 2118 1638 2173 uobis.
1654 2119 1713 2177 Non
1728 2138 1787 2177 sum
1804 2123 1932 2193 injustus,

1137 2198 1232 2243 ttatora
1251 2204 1311 2245 suut
1330 2188 1420 2258 J'ustus
1443 2204 1451 2241 a
1472 2202 1525 2242 nun
1538 2202 1598 2243 sum
1619 2205 1727 2256 asturus,
1743 2194 1788 2264 qui
1801 2194 1933 2252 adversus

1135 2259 1276 2315 avaritiam
1299 2260 1372 2330 leges
1395 2258 1441 2313 tuli
1460 2278 1466 2313 :
1482 2273 1536 2313 non
1552 2274 1611 2314 sum
1628 2260 1747 2332 ittpratos
1760 2280 1826 2333 erpa
1841 2273 1933 2335 pratus

1136 2344 1238 2395 servos,
1251 2344 1304 2385 nort
1315 2344 1373 2385 sum
1387 2342 1483 2397 parcus
1497 2338 1543 2383 aot
1555 2330 1734 2399 pusillanimis
1742 2349 1804 2405 erga
1816 2350 1874 2395 eos.
1889 2338 1934 2407 qui

1137 2402 1162 2455 io
1178 2416 1220 2457 mc
1233 2400 1395 2471 ntagoanimi
1410 2400 1485 2456 luere
1499 2418 1506 2456 t
1521 2402 1673 2459 mercedem
1687 2406 1783 2461 vestris
1796 2406 1934 2463 laboribus

1136 2472 1267 2541 majorem
1283 2472 1434 2541 persolvam
1449 2488 1456 2537 ;
1470 2472 1540 2526 dona
1553 2486 1614 2554 quae
1626 2473 1739 2531 sudores
1751 2488 1857 2533 vestros
1872 2480 1934 2533 ritt-

1135 2552 1217 2609 caut,
1232 2543 1380 2613 impertiar.
1404 2538 1502 2597 lterum
1519 2542 1581 2597 caint
1600 2545 1670 2599 circo
1687 2556 1787 2601 amatu
1801 2556 1824 2602 et
1839 2566 1933 2603 notrum

1135 2613 1266 2680 lauruut‚et
1279 2614 1338 2683 serit
1349 2613 1475 2669 similiter.
1488 2612 1648 2685 (Helladi).
1656 2614 1695 2688 5).
1706 2617 1814 2673 Nullum
1827 2628 1934 2691 tempus

1135 2685 1254 2741 omitto:
1275 2699 1370 2741 omues
1383 2684 1506 2740 volentes
1520 2699 1619 2754 sagena
1635 2688 1737 2749 irretio,
1754 2704 1842 2759 neque
1857 2691 1933 2747 iniis

1134 2755 1180 2881 gui
1195 2756 1222 2811 itt
1237 2758 1354 2824 pcccatis
1369 2754 1506 2826 delatigati
1518 2766 1592 2822 suut,
1608 2758 1642 2812 ad
1658 2758 1933 2827 justitiamvocartdis

1154 2824 1277 2897 elatique.
1290 2826 1379 2883 Semel
1391 2840 1517 2897 egressus
1527 2842 1598 2889 sunt.
1611 2836 1638 2883 et
1650 2839 1763 2886 venatus
1776 2831 1843 2886 tedii
1859 2850 1866 2886 :
1883 2834 1934 2895 ite·

1135 2912 1195 2954 rum
1209 2914 1268 2953 sum
1282 2912 1429 2965 cercetas,
1447 2905 1475 2953 ct
1488 2908 1583 2953 auctus
1598 2898 1688 2968 preda
1702 2902 1801 2958 reverti
1816 2921 1824 2956 :
1840 2918 1934 2973 egres-

1135 2984 1182 3025 sus
1194 2982 1253 3023 sunt
1264 2969 1353 3035 tertio,
1364 2977 1393 3024 et
1403 2968 1503 3024 dilatus
1516 2972 1605 3024 reveni
1622 2986 1628 3021 ε
1641 2979 1737 3039 quarto
1749 2974 1821 3028 circa
1836 2977 1931 3030 boram

1135 3054 1233 3095 nonam
1258 3040 1339 3103 exivi,
1355 3048 1384 3095 et
1406 3038 1542 3095 ttomtullis
1567 3042 1652 3109 captis
1674 3042 1798 3101 adsertio.
1825 3044 1933 3113 Qttanto

1135 3110 1300 3196 lrequeutius
1321 3110 1353 3165 ad
1376 3124 1483 3165 cursum
1497 3125 1541 3165 ute
1555 3112 1676 3177 coulero,
1694 3124 1768 3173 tantu
1780 3116 1931 3174 ardentiori

1134 3181 1269 3238 destdcrio
1287 3181 1440 3238 inllautmor
1456 3199 1463 3236 r
1483 3197 1537 3251 qno
1551 3183 1641 3254 plures
1662 3183 1778 3252 adduco,
1793 3201 1826 3244 eu
1841 3189 1932 3256 plures

1134 3254 1202 3308 alios
1223 3263 1322 3322 exopto
1338 3270 1344 3306 :
1360 3261 1388 3306 et
1402 3253 1463 3307 illos
1476 3265 1580 3318 oacttts,
1597 3253 1665 3310 alios
1678 3271 1784 3312 rursum
1798 3260 1908 3327 requiro
1921 3278 1929 3314 r

1132 3338 1228 3378 omues
1241 3325 1313 3378 enim
1329 3323 1452 3378 ltomincs
1464 3323 1528 3379 volu
1540 3326 1632 3380 salvus
1646 3325 1704 3382 lieri
1725 3338 1753 3383 et
1767 3329 1800 3384 ad
1813 3330 1931 3400 aquilio-

1134 3410 1194 3449 rtem
1209 3393 1329 3450 veritatis
1350 3395 1451 3448 vertite.
1597 3409 1599 3416 ’

1168 3465 1196 3520 2.
1222 3464 1297 3522 Circo
1320 3466 1480 3520 audaciorem
1495 3475 1580 3520 nutent
1600 3466 1689 3522 doram
1703 3469 1776 3535 caiit,
1797 3481 1820 3524 et
1834 3471 1931 3526 iurauit

1133 3535 1197 3590 ulios
1207 3544 1302 3590 rtatttes
1314 3537 1409 3590 otiosos
1419 3535 1430 3605 (
1441 3535 1510 3591 ibid.
1525 3553 1548 3592 u.
1563 3535 1612 3610 d).
1628 3537 1687 3595 Non
1700 3536 1778 3595 c'csso
1791 3540 1930 3598 diabolum

1133 3608 1260 3678 spoliare,
1273 3607 1399 3676 quamdiu
1412 3607 1466 3662 vita
1480 3609 1529 3663 ista
1542 3608 1705 3677 superlucrit
1720 3627 1728 3666 τ
1744 3625 1797 3666 ιιοιι
1812 3614 1930 3670 cessabo

1133 3686 1247 3731 tttortem
1268 3677 1418 3747 depredari
1431 3719 1439 3743 ,
1452 3693 1553 3732 suevum
1574 3681 1680 3747 generis
1693 3681 1802 3737 ltumani
1815 3683 1905 3739 iorem
1920 3701 1929 3741 a

1133 3762 1186 3802 nou
1207 3763 1316 3818 possiam
1330 3762 1383 3803 non
1398 3763 1455 3812 eos,
1471 3750 1516 3874 spii
1530 3750 1639 3821 proprio
1652 3750 1784 3808 arbitrato
1799 3756 1930 3813 mortales

1132 3828 1195 3874 sunt
1215 3819 1288 3881 lacti,
1304 3819 1338 3872 ad
1354 3819 1478 3874 imotorta
1492 3822 1582 3875 itatem
1605 3821 1757 3891 traducere,
1777 3825 1930 3896 usquedum

1132 3898 1283 3946 extremum
1298 3903 1375 3944 sturm
1400 3891 1522 3962 spiritum
1545 3891 1707 3949 exhalariot.
1724 3895 1871 3964 Propterea
1893 3912 1930 3955 oe

1132 3961 1299 4015 undecimam
1310 3961 1416 4032 quidem
1430 3962 1522 4016 ltoram
1533 3974 1696 4021 contemno:
1711 3977 1852 4036 propterca
1864 3967 1931 4024 lori·

1133 4031 1182 4086 bus
1204 4030 1351 4086 inferorum
1371 4032 1488 4098 assideo,
1509 4042 1539 4087 ut
1552 4033 1657 4106 athttos
1678 4043 1748 4091 aule·
1762 4049 1877 4094 nturlcm
1893 4039 1929 4096 ad

1132 4103 1212 4156 vitam
1226 4103 1326 4171 possim
1340 4103 1495 4158 transferre.
1511 4101 1586 4160 Circo
1606 4106 1765 4163 undecimum
1778 4117 1861 4164 ornem
1881 4110 1930 4166 lto-

1130 4189 1187 4226 ruat
1198 4173 1272 4238 exiit,
1288 4183 1312 4228 ct
1325 4174 1419 4228 inuenit
1431 4173 1496 4228 ulios
1508 4183 1605 4230 stuutes
1617 4179 1720 4243 otiosos,
1736 4188 1760 4234 el
1772 4181 1834 4234 dicit
1849 4180 1903 4235 illis
1917 4199 1929 4236 .·

1133 4243 1202 4311 Quid
1211 4244 1254 4297 laic
1267 4245 1341 4298 ιιιιιιι
1353 4254 1405 4299 totu
1418 4246 1459 4298 die
1471 4247 1546 4300 otiosi
1556 4245 1570 4300 ι
1579 4247 1619 4301 tn
1634 4250 1762 4306 ecclesias
1774 4266 1826 4305 ιιοιι
1840 4250 1927 4308 babe-

1130 4317 1164 4369 tis
1177 4317 1189 4367 ι
1205 4314 1349 4386 prophetas
1367 4331 1420 4371 uon
1435 4316 1541 4372 ltabetis
1554 4317 1566 4372 i
1577 4321 1716 4388 apostolos
1728 4336 1782 4376 noo
1796 4322 1928 4380 ltabetisl

1130 4395 1264 4456 martyres
1278 4401 1331 4441 nou
1349 4386 1454 4442 ltabetis
1464 4387 1477 4441 ι
1487 4386 1639 4458 Scripturas
1653 4391 1758 4446 divinas
1772 4408 1825 4447 tton
1841 4394 1925 4450 ltalte·

1131 4456 1165 4510 tis
1179 4456 1191 4510 ι
1206 4457 1346 4526 spirituale
1360 4457 1463 4513 nullum
1473 4473 1542 4529 opus
1556 4459 1648 4526 iouid
1660 4477 1724 4535 ergo
1736 4464 1809 4518 statis
1820 4463 1861 4516 ltic
1873 4474 1929 4518 tots

1130 4526 1172 4582 die
1190 4527 1265 4583 ctiori
1279 4528 1293 4583 ι
1306 4527 1364 4583 Nun
1387 4529 1470 4584 solem
1485 4529 1581 4586 videtis
1602 4538 1700 4588 statum
1723 4549 1800 4589 suum
1815 4549 1926 4590 eorsum

1129 4599 1328 4700 perapeutemi
1350 4613 1404 4655 nort
1423 4601 1513 4674 lunam
1529 4601 1626 4658 videtis
1647 4602 1768 4660 Creatori
1791 4605 1927 4661 ancillan-

1130 4679 1202 4724 teto.
1219 4684 1273 4724 noo
1290 4678 1443 4726 creaturam
1458 4672 1556 4728 videtis
1576 4671 1725 4731 Condatori·
1736 4677 1899 4732 servientem
1913 4679 1926 4731 ι

1128 4754 1182 4795 noo
1205 4741 1367 4797 elementum
1387 4757 1470 4798 unum
1491 4743 1597 4815 ttodqttc
1620 4761 1697 4801 suum
1721 4761 1789 4818 opus
1812 4749 1926 4818 assequi

1129 4809 1238 4884 videtis,
1251 4811 1328 4888 cttjtrs
1342 4827 1422 4869 causa
1437 4760 1567 4870 attinent
1580 4825 1622 4871 cst
1636 4817 1737 4873 editum
1749 4819 1761 4872 ι
1772 4817 1827 4873 Cur
1840 4819 1925 4890 igitur

1128 4880 1179 4936 soll
1194 4889 1317 4937 naturam
1341 4883 1436 4941 inertia
1457 4883 1538 4941 detor
1573 4887 1608 4943 tis
1621 4889 1633 4942 ι
1646 4903 1696 4944 cur
1709 4889 1851 4944 columnas
1865 4891 1925 4960 cip·
1953 4943 1959 4948 .

1127 4965 1163 5022 po
1197 4967 1231 5007 uc
1244 4962 1365 5010 mortuos
1385 4956 1547 5012 imitamini.
1566 4958 1625 5014 Nun
1641 4960 1735 5016 oculos
1759 4960 1875 5027 ltabetls,
1893 4969 1925 5016 ut

1128 5021 1189 5146 pulc
1209 5021 1353 5079 riludioem
1375 5025 1466 5082 mundi
1479 5027 1612 5096 videntes,
1628 5029 1757 5101 Opilicem
1772 5031 1863 5086 muudi
1878 5047 1925 5088 ce·

1138 5091 1239 5148 ebreus
1252 5093 1264 5147 ι
1277 5107 1331 5151 ιιοιι
1352 5109 1384 5151 os
1397 5096 1513 5166 ltabetis,
1529 5109 1558 5154 ut
1572 5101 1677 5173 linguas
1689 5111 1793 5158 vestras
1804 5103 1837 5157 ad
1853 5117 1923 5159 con·

1126 5162 1257 5220 cioeodus
1278 5168 1393 5238 nymnos
1406 5171 1562 5226 moveatis?
1577 5186 1630 5228 non
1653 5185 1750 5228 manus
1763 5173 1878 5238 ltabetis,
1892 5183 1925 5229 ut

1127 5232 1326 5309 eleemosynam
1349 5237 1386 5292 im
1422 5240 1534 5296 rtlatisi
1557 5257 1610 5298 nott
1633 5243 1716 5314 pedes
1741 5245 1865 5310 ltabetis,
1893 5255 1924 5300 ot

1126 5317 1222 5362 cursus
1232 5307 1331 5364 animis
1346 5309 1383 5364 uti
1396 5324 1426 5367 es
1439 5311 1613 5368 decurtatis?
1632 5313 1701 5381 Quid
1719 5315 1761 5370 liic
1779 5316 1850 5370 statis
1870 5325 1923 5369 torn

1125 5374 1168 5430 dis
1190 5377 1265 5434 otiati
1284 5378 1299 5434 l
1319 5379 1464 5452 Quousque
1487 5383 1629 5455 imperium
1653 5399 1744 5442 mcum
1768 5387 1925 5444 evertetis?

1127 5446 1197 5514 onte
1209 5449 1250 5505 ltic
1271 5453 1344 5507 elutis
1366 5461 1420 5508 tota
1432 5454 1475 5509 die
1493 5456 1590 5511 oriosii
1611 5455 1651 5512 llli
1670 5467 1760 5515 autem
1776 5457 1869 5512 dicunt
1884 5457 1922 5518 ei,

1126 5517 1211 5604 avenn
1233 5537 1280 5578 aot
1297 5523 1418 5580 couduab
1437 5523 1530 5593 (llid.
1542 5542 1567 5582 ιι.
1582 5525 1630 5600 7).
1658 5529 1798 5610 Ejusmodi
1811 5537 1873 5582 suot
1887 5529 1916 5593 ii,

1124 5605 1169 5716 3⁰¹
1193 5604 1324 5650 excusant
1336 5597 1523 5654 excusationes
1538 5599 1564 5653 itt
1582 5603 1702 5669 peccatis
1716 5618 1723 5654 ε
1738 5615 1784 5670 qut
1798 5612 1920 5670 pruseos

1143 5660 1251 5720 iderunt
1264 5665 1441 5725 inlaturum:
1454 5671 1499 5739 qui
1513 5669 1616 5738 dicunt,
1628 5671 1694 5727 Sine
1708 5671 1800 5736 modo,
1813 5679 1840 5725 et
1854 5684 1917 5723 cnm
1985 5737 1988 5745 ¹

1123 5731 1235 5804 iusserit
1253 5736 1319 5793 milti
1342 5739 1427 5804 licus,
1452 5750 1514 5796 tttuc
1528 5741 1683 5811 baptizabor
1697 5761 1705 5798 r
1720 5744 1771 5797 ltuc
1784 5740 1849 5796 mibi
1864 5739 1916 5795 Pn-

1124 5805 1188 5860 scba
1201 5809 1321 5878 remitte,
1336 5817 1364 5866 et
1375 5811 1402 5866 io
1415 5810 1505 5867 lutura
1516 5811 1696 5871 ibumittabor.
1708 5812 1846 5888 Ejusmodi
1855 5820 1919 5866 suut
