4084 6350
294 464 348 519 bec
362 458 487 516 tollamus
494 456 611 521 beilum
626 464 653 511 ct
666 464 728 509 tunc
744 466 805 509 cum
828 464 893 522 pace
919 449 986 505 alies
1009 447 1077 503 alio·

291 567 405 625 quemur
418 559 445 606 ct
465 563 525 605 cum
548 547 631 601 multa
653 543 764 609 duricia,
790 557 844 597 aon
867 548 1010 597 accusante
1029 552 1079 595 hos

295 641 458 702 conscientia
472 647 572 694 nestra·
588 637 690 706 Pugnat
710 636 748 689 ira
770 648 829 688 enm
854 630 1077 697 mansuetudine,

290 743 389 806 pugnat
399 730 569 804 pecuniarum
578 741 653 780 atnur
663 740 723 779 cnm
734 724 850 793 ipsarum
857 730 1020 791 mntemptn,
1030 734 1078 790 pu·

291 839 355 901 gast
369 822 539 881 invidiarum
554 818 725 889 benignitate.
744 816 799 870 ilec
812 814 945 869 solvamus
957 794 1073 887 bellum:

290 918 340 972 hos
352 915 507 984 dejiciamus
518 910 660 976 inimicos,
676 906 735 962 bac
748 906 884 976 erigamus
907 912 1026 973 tropas,
1050 902 1076 957 in

295 1005 405 1061 ciuitate
430 1013 521 1058 nostra
542 1014 634 1070 pacem
649 987 839 1053 'marchiennes-
860 994 960 1050 Ciritas
979 993 1078 1064 quippo

291 1098 370 1155 uobis
382 1104 463 1153 est-et
479 1091 685 1155 administratio,
701 1100 729 1145 et
739 1089 846 1144 uiseret
857 1084 976 1141 extranei
986 1084 1075 1139 multi:

296 1171 558 1260 sedperegrineruru
573 1182 731 1253 ejectionem
743 1178 898 1244 inmanius,
923 1184 952 1231 ut
974 1190 1009 1231 ne
1028 1174 1077 1229 do·

291 1262 395 1337 suestici
408 1283 620 1345 cormmpantur.
633 1272 688 1329 Nec
701 1272 817 1327 alienum
832 1284 882 1325 nec
894 1268 1006 1323 nothum
1028 1264 1077 1320 do-

290 1387 352 1443 gma
363 1351 543 1439 ingrediatur,
557 1365 682 1435 nullaque
695 1361 809 1417 earnalis
824 1358 964 1415 sententia.
979 1358 1075 1412 Atrnou

290 1465 411 1521 ridemus
420 1459 568 1532 quomedo,
584 1457 677 1528 siquis
686 1456 810 1512 inimicus
824 1454 850 1507 in
862 1451 971 1507 urbibus
984 1450 1075 1519 capia·

290 1567 350 1625 tur,
376 1554 453 1627 quasi
476 1553 628 1623 explorator
656 1546 808 1619 judicatur?
831 1546 900 1615 Ergo
915 1542 1076 1614 ,peregrinos

289 1648 441 1719 ejiciamus;
457 1646 511 1701 ime
525 1657 577 1698 nen
592 1640 745 1713 peregrinos
760 1636 858 1700 medo,
872 1634 919 1691 sed
931 1634 1012 1689 etiam
1023 1632 1076 1687 ini·

289 1740 387 1795 mices.
397 1736 426 1793 si
437 1750 516 1806 quem
530 1732 687 1794 rideamus,
704 1728 839 1785 tradamus
854 1724 966 1797 principi
979 1723 1074 1788 monti,

289 1828 488 1907 cogitationem,
503 1823 643 1879 barbaram
658 1820 777 1891 quidem,
791 1818 838 1873 sed
852 1816 922 1873 cirili
935 1825 1009 1871 reste
1031 1814 1075 1868 in·

290 1920 391 1976 datam.
406 1915 496 1972 Alultae
508 1910 712 1983 namqueuebis
725 1910 818 1965 insunt
831 1906 1006 1977 cogitationes
1027 1903 1075 1957 hu·

287 2006 425 2078 jusmodi,
438 2014 532 2060 natura
545 2001 651 2069 quidem
664 1998 797 2063 inimicae,
821 1997 868 2052 sed
891 1995 953 2050 ovili
975 1994 1075 2049 uellere

290 2098 398 2154 indutae.
422 2091 651 2163 Quemadmodum
672 2100 700 2145 et
723 2088 830 2151 Persae,
856 2086 959 2141 sublata
987 2084 1074 2151 tiara,

183 2220 195 2243 .
290 2186 392 2243 braccis
410 2185 560 2255 calceisque
578 2180 745 2245 barbaricis,
773 2186 847 2233 reste
871 2176 949 2231 nobis
973 2175 1074 2229 usitata

289 2276 386 2342 induti,
399 2289 511 2345 corpore
525 2272 599 2337 rasi,
622 2278 650 2326 et
674 2269 751 2325 nobis
773 2276 898 2325 consucta
922 2267 1010 2335 lingna
1034 2264 1075 2319 lo-

287 2350 417 2440 quentes,
432 2363 523 2419 habitu
537 2361 634 2417 bellum
650 2360 804 2422 occultant;
820 2357 867 2412 sed
892 2358 914 2411 si
939 2363 1073 2411 tormenta

287 2456 378 2513 statim
389 2454 562 2519 adhibueris,
576 2466 637 2507 eum
651 2450 696 2521 qui
711 2450 776 2505 latet
791 2448 946 2503 rrrnnitcstas
962 2461 970 2500 ε
986 2447 1020 2500 ιιι
1030 2446 1073 2501 hic

287 2533 459 2608 ianitolm'nc
472 2541 659 2613 cogitationem
671 2538 767 2594 millies
783 2539 891 2608 explora
906 2578 913 2601 ,
929 2547 954 2591 et
965 2538 1018 2592 cito
1033 2538 1073 2591 vi-

286 2634 542 2693 debis'barbaricunt
558 2648 677 2688 sonsum.
691 2631 727 2687 tn
741 2640 828 2685 autem
851 2629 927 2685 robis
947 2630 1071 2701 exemplo

658 332 1091 399 s.10.ttthtsctttttsostottt
1110 334 1267 394 thothar.
1287 334 1551 395 constituemur.
1852 344 1898 405 m

1131 456 1158 503 et
1170 448 1202 503 ad
1216 447 1331 503 tribunal
1352 447 1492 519 diiigenter
1513 448 1697 505 examinemus
1713 469 1719 505 :
1734 460 1761 508 et
1780 454 1800 509 ti
1821 456 1896 527 placer

1129 538 1258 610 quosdam
1270 554 1303 595 ex
1318 538 1368 603 iis,
1384 555 1452 611 quos
1463 540 1561 596 Patrius
1574 540 1803 612 deprehenderat,
1825 550 1897 608 addu-

1129 645 1222 686 camus
1237 647 1243 683 ε
1261 630 1323 697 Qua
1335 642 1410 696 sunt,
1426 632 1524 702 inquit,
1536 632 1659 687 rationem
1679 634 1776 703 quidem
1796 638 1896 699 habentia

1129 719 1259 789 sapientire
1270 720 1296 774 in
1310 722 1485 791 superstitione
1497 731 1520 776 et
1534 722 1674 781 inutilitate
1687 732 1710 779 et
1730 741 1778 780 nen
1797 728 1829 781 ad
1847 748 1897 798 pnr-

1129 810 1363 889 cendum'cerperi.
1379 826 1429 865 nen
1441 810 1467 864 in
1483 810 1578 867 itenere
1598 812 1684 883 atique
1704 814 1738 868 ad
1757 820 1896 876 saturitatem

1129 900 1213 953 carreis
1227 897 1302 971 (Cei.
1317 898 1345 953 Ξ.
1360 899 1395 955 25
1405 899 1426 968 ).
1442 898 1563 970 Exempli
1578 915 1657 957 eausa
1672 920 1679 957 :
1692 903 1845 973 judaismum
1856 926 1897 967 re·

1130 990 1201 1045 lebat
1211 990 1333 1047 diabolus
1347 990 1491 1058 inducere;
1507 993 1596 1063 itaque
1611 993 1637 1069 si¹
1649 994 1733 1063 ipsum
1748 1011 1794 1065 per
1815 1016 1842 1055 se
1865 1004 1898 1058 in·

1128 1079 1248 1147 duceret,
1265 1096 1318 1136 non
1334 1081 1514 1151 persuaderet.
1529 1068 1596 1138 iid'e
1609 1082 1898 1153 igiturquomodeiihm

1129 1170 1276 1241 apparavit.
1301 1162 1430 1241 Oportet,
1456 1172 1559 1241 inquit,
1584 1171 1719 1229 abstinere
1733 1189 1833 1245 cerpus.
1851 1180 1899 1237 linc

1130 1254 1296 1332 philosophia
1311 1272 1369 1327 est,
1384 1278 1438 1317 nnn
1452 1262 1593 1319 admittere
1604 1264 1694 1319 cibum
1708 1307 1715 1332 ,
1730 1266 1775 1321 sed
1797 1282 1897 1339 carcre;

1131 1350 1183 1407 boc
1196 1352 1331 1407 humilitas
1345 1360 1396 1408 est.
1411 1352 1445 1407 Et
1458 1369 1528 1408 nunc
1541 1352 1604 1408 itenr
1618 1368 1679 1408 cum
1696 1354 1823 1411 iraa'retieis
1835 1362 1897 1416 role-

1128 1444 1174 1499 bat
1187 1458 1235 1500 nes
1246 1444 1279 1499 ad
1290 1453 1439 1500 ereaturam
1452 1443 1597 1500 deducere.
1607 1443 1675 1499 Vide
1689 1444 1768 1515 igitur
1779 1450 1897 1517 quomode

1127 1535 1219 1591 dolum
1232 1534 1345 1606 pararit,
1361 1534 1389 1591 Si
1401 1534 1522 1603 dixisset,
1537 1534 1692 1591 Creaturam
1704 1536 1783 1593 adara
1796 1579 1803 1602 ,
1817 1551 1899 1611 captus

1128 1624 1240 1693 inissem
1257 1626 1303 1682 sed
1318 1625 1382 1697 quid
1395 1626 1455 1681 aitl
1469 1626 1539 1682 Deus
1552 1636 1660 1682 creatus
1673 1637 1724 1682 est.
1746 1627 1796 1684 Sed
1815 1632 1898 1689 nudam

1128 1732 1294 1789 exponamus
1303 1718 1422 1788 judicum
1438 1717 1543 1773 calculo
1565 1716 1762 1786 Scripturarum
1784 1724 1897 1788 aposteli-

1128 1826 1218 1867 carum
1243 1810 1421 1877 scntentiam;
1447 1809 1493 1864 ille
1516 1808 1645 1864 ducamus
1664 1825 1725 1864 eum
1741 1827 1748 1864 :
1764 1811 1810 1880 ipsi
1830 1828 1899 1883 agno·

1128 1919 1203 1966 scant
1228 1920 1255 1966 et
1279 1908 1495 1981 pradicationem
1531 1917 1558 1963 et
1579 1907 1722 1977 loquelam.
1749 1904 1818 1977 ll'piti
1837 1906 1898 1961 lucra

1128 2000 1274 2062 lucrantur,
1289 2008 1317 2053 ιιι
1331 1998 1446 2053 babeant
1464 1996 1535 2067 qued
1554 1996 1620 2051 dent
1635 1994 1813 2063 pauperibus,
1835 1994 1898 2051 lucra

1128 2091 1225 2160 injusta
1240 2107 1247 2144 ι
1260 2098 1287 2145 et
1300 2089 1359 2145 itanc
1371 2088 1495 2160 cogitatio
1506 2102 1587 2157 prava
1599 2095 1651 2141 cst.
1668 2084 1721 2140 Sed
1735 2098 1898 2140 exoneremus

1128 2181 1211 2247 illam,
1225 2180 1403 2246 continuemus,
1421 2188 1450 2233 ut
1465 2194 1498 2235 ne
1512 2178 1671 2249 capiamur;
1688 2174 1736 2231 sed
1749 2190 1838 2231 orrtnes
1848 2176 1896 2230 dia-

1128 2274 1180 2330 boli
1196 2273 1333 2327 eunuchinas
1350 2272 1525 2343 effugientes,
1547 2270 1681 2340 possimus
1698 2282 1763 2322 sana
1785 2267 1895 2337 dogmata

1128 2374 1235 2419 strenue
1249 2364 1404 2428 retinentes,
1419 2374 1511 2415 secure
1525 2366 1687 2429 presentem
1710 2358 1849 2427 transigere
1865 2358 1897 2411 ri·

1127 2465 1196 2520 tam,
1213 2464 1239 2511 et
1253 2454 1384 2525 promissa
1401 2452 1527 2521 consequi
1541 2451 1629 2517 bena,
1643 2449 1728 2521 gratia
1749 2457 1776 2504 et
1791 2448 1897 2518 benigni·

1127 2556 1181 2603 tate
1196 2546 1298 2603 bomini
1312 2545 1395 2600 nostri
1408 2544 1472 2600 iesu
1485 2542 1597 2610 Christi,
1612 2542 1719 2613 quicum
1732 2540 1800 2595 Patri
1812 2550 1837 2594 et
1846 2538 1897 2609 Spi-

1126 2639 1187 2695 ritui
1206 2646 1299 2693 sancto
1317 2636 1413 2707 gloria,
1430 2634 1571 2705 imperium
1585 2673 1594 2699 ,
1608 2632 1713 2699 honor,
1725 2645 1793 2687 nune
1803 2640 1829 2687 et
1839 2646 1897 2686 sem·

286 2734 431 2783 monstrem
455 2723 605 2793 lnrrjusmodi
625 2722 826 2792 exploratores,
849 2736 916 2791 qnos
939 2721 1072 2777 submittit
1124 2727 1561 2805 pjr‚qrjjjsae0utqgaequ10rum‚
1582 2726 1679 2782 Amen.

286 2816 424 2883 diabolus,
441 2824 469 2870 ut
487 2825 576 2871 uerna
590 2812 748 2883 di-piciant:
771 2828 819 2882 age
835 2827 915 2868 utrum
939 2826 1070 2869 exuramus

896 2960 935 2969 -οι

955 3042 1126 3105 HOAllLlA
1151 3042 1330 3104 xxxvttt.

282 3183 346 3240 Cur.
374 3187 417 3242 li.
450 3203 475 3240 r.
506 3186 549 3242 ld.
582 3185 679 3240 Pardus
710 3196 791 3239 arrum
814 3202 870 3237 rnru
902 3184 1005 3237 Arianis
1028 3200 1070 3239 ees
1126 3187 1270 3242 rectionem
1285 3187 1517 3259 deumquemdnm
1533 3188 1892 3258 esseputabant,mpntesa·

317 3288 487 3350 respectaret,
510 3278 661 3332 incitabatur
675 3278 778 3344 spiritus
793 3278 848 3346 ejas
869 3277 895 3329 in
917 3291 966 3341 ea,
984 3277 1070 3331 cidens
1123 3275 1161 3328 liti
1176 3275 1287 3330 tetuinus
1301 3275 1400 3331 celere.
1415 3275 1458 3332 ld.
1473 3275 1506 3330 m
1520 3277 1705 3348 apprehensum
1719 3294 1775 3334 eunt
1787 3277 1819 3330 ad
1832 3277 1894 3330 Arre·

317 3366 468 3422 idololatria
482 3367 593 3422 deditam
605 3367 740 3421 ciuitatem.
757 3367 800 3421 li.
825 3363 974 3436 disputabat
992 3367 1070 3437 igitur
1124 3383 1215 3438 papum
1228 3367 1371 3432 duxeruut,
1387 3367 1514 3422 dicentes:
1525 3369 1662 3424 Possumus
1672 3371 1738 3424 scire
1748 3385 1801 3440 qua
1812 3379 1845 3423 est
1855 3369 1894 3421 r'rta

318 3461 344 3512 in
360 3474 488 3529 sgnapepa
501 3473 557 3511 cunt
569 3455 668 3511 iudeis
680 3468 703 3510 et
716 3457 866 3523 colentibus,
881 3467 904 3511 et
917 3457 944 3511 in
953 3459 1013 3528 jere
1026 3473 1070 3527 per
1123 3473 1197 3522 uena,
1212 3473 1268 3526 quae
1280 3474 1296 3510 a
1310 3468 1333 3512 te
1346 3457 1448 3522 dicitur,
1465 3457 1580 3514 doctrina
1590 3461 1602 3515 i
1614 3459 1660 3514 20.
1682 3476 1747 3516 nera
1763 3461 1826 3515 enim
1838 3475 1895 3530 que·

299 3552 303 3633 ¹.
318 3548 469 3601 emrresdies
482 3563 540 3600 carn
553 3546 584 3601 iis
598 3546 641 3616 qui
653 3548 769 3600 narrant.
1123 3545 1182 3599 darn
1195 3547 1273 3616 infers
1285 3548 1387 3602 nuribus
1401 3550 1492 3604 nastris
1501 3564 1511 3614 ,·
1521 3548 1636 3604 nolumus
1649 3551 1780 3621 erpesrire
1789 3550 1894 3621 quidnam

299 3718 302 3724 Ι
319 3639 345 3692 l.
367 3635 464 3690 Paulas
477 3646 584 3706 quernas
596 3652 612 3689 a
624 3635 723 3690 iudeis
737 3637 885 3691 irritationes
898 3636 1012 3691 habuerit
1025 3677 1032 3702 ,
1047 3645 1070 3690 et
1122 3636 1198 3690 uelint
1211 3637 1265 3691 inrec
1284 3653 1346 3692 esse.
1365 3639 1502 3694 Duxerunt
1516 3639 1589 3694 illum
1606 3641 1638 3694 ad
1655 3642 1833 3712 Areopagum,
1851 3655 1893 3693 nnn

281 3737 401 3800 quarrtunr
411 3729 510 3804 [uerita
520 3727 587 3798 [rista
596 3727 818 3784 alienas—Vide
832 3729 941 3783 Paulum
954 3728 1070 3798 majores
1122 3736 1151 3782 ιιι
1163 3727 1313 3796 discerent,
1329 3729 1374 3786 sed
1389 3740 1417 3785 ut
1431 3731 1570 3800 punirent,
1587 3731 1630 3786 ubi
1644 3742 1721 3787 erant
1733 3731 1827 3802 judicia
1844 3745 1895 3786 sarr·

197 3839 204 3848 ·
283 3837 298 3876 a
313 3820 430 3888 iudeis,
451 3835 530 3894 quam
550 3834 565 3874 a
579 3820 723 3890 gentilibus
741 3820 902 3876 tentationes
915 3818 1068 3875 habentem.
1122 3819 1220 3888 guinis.
1236 3818 1302 3875 l'ide
1316 3835 1391 3890 ergo,
1404 3821 1538 3890 quomedo
1551 3821 1602 3875 srrb
1616 3835 1662 3891 spe
1678 3823 1795 3878 discendi
1810 3833 1835 3876 nt
1848 3823 1893 3875 nbi-

282 3910 394 3995 Athenis
406 3911 477 3965 enim
493 3909 557 3964 nihil
573 3908 627 3964 talc
641 3909 750 3980 patitur,
763 3909 810 3964 sed
825 3925 870 3964 res
882 3917 935 3964 tota
947 3910 973 3964 in
987 3909 1068 3965 risum
1122 3923 1174 3979 que
1196 3925 1290 3964 rueram
1310 3909 1459 3965 doctrinam
1480 3911 1611 3966 incursant.
1634 3911 1795 3982 loquacium
1816 3912 1893 3966 ciritae

282 4001 378 4066 cessit,
394 4001 496 4060 etiamsi
508 4001 611 4072 aliquas
625 4001 803 4070 perstanserit;
817 4001 886 4071 apud
898 3999 1006 4056 tranas
1019 4017 1068 4057 au·
1123 3997 1168 4052 illa
1183 4008 1250 4054 erat.
1266 3997 1312 4054 il.
1332 3999 1495 4056 Athenienses
1509 4011 1592 4056 autem
1615 4018 1700 4058 omnes
1713 4012 1735 4058 et
1747 4003 1843 4058 aduena
1855 4005 1893 4055 he·

283 4102 337 4147 tem
347 4091 429 4148 muita
436 4093 527 4161 gratia
539 4110 545 4146 :
559 4090 626 4145 adea
634 4100 710 4145 crant
720 4091 823 4145 irritati.
833 4089 895 4146 ideo
906 4091 958 4145 ait:
971 4089 1070 4146 Paulus
1085 4093 1086 4098 ’
1122 4090 1208 4160 spires,
1221 4090 1256 4143 ad
1264 4090 1329 4144 nihii
1339 4091 1411 4146 alind
1421 4087 1551 4162 cacabant,
1565 4094 1615 4148 nisi
1623 4105 1665 4148 eut
1676 4095 1759 4150 dicere
1770 4105 1810 4150 aut
1821 4093 1894 4149 audire

281 4191 365 4240 autent
376 4198 434 4240 cunr
448 4181 552 4234 Athenis
567 4196 609 4235 ees
622 4190 786 4250 exspectaret,
802 4181 953 4234 incitabatur
965 4181 1070 4252 spiritus
1121 4181 1219 4248 aliquid
1238 4182 1304 4235 neri.
1322 4181 1372 4236 Ἠ.
1396 4181 1474 4237 Stans
1486 4193 1569 4239 autem
1584 4181 1684 4240 Paulus
1697 4186 1723 4240 iu
1738 4185 1816 4240 suedie
1829 4183 1893 4238 Arra·

282 4275 336 4344 ejus
348 4275 375 4326 in
388 4287 434 4339 ee,
455 4271 540 4327 eidrrts
551 4271 703 4325 idololatria
716 4271 828 4326 deditam
847 4270 981 4324 ciuitatem.
1004 4270 1069 4326 iure
1123 4271 1191 4340 papi,
1207 4271 1263 4325 ait:
1286 4267 1340 4326 Viri
1355 4271 1533 4341 Athenienses,
1550 4289 1593 4342 per
1607 4275 1694 4328 emnia
1706 4276 1779 4346 quasi
1790 4273 1894 4343 superui·

283 4363 429 4417 incitatur:
451 4375 580 4431 nusquam
595 4361 665 4418 enim
680 4369 718 4418 tet
733 4359 802 4415 idola
818 4360 909 4416 videre
922 4369 989 4417 erat.
1007 4360 1068 4415 Dis·
1123 4361 1236 4416 tiesiorcs
1250 4377 1292 4416 aes
1304 4363 1386 4418 uidae.
1398 4361 1443 4417 25.
1460 4361 1610 4418 l‘rateriens
1624 4363 1691 4418 enim
1703 4375 1726 4418 et
1739 4357 1821 4418 sidens
1829 4363 1894 4416 sintr-

284 4453 390 4524 putabat
402 4453 481 4524 igitur
494 4454 521 4506 iu
533 4467 661 4526 spnapepa
673 4467 730 4506 cunt
741 4449 875 4507 Judoeisat
887 4453 1034 4518 calentibus,
1046 4462 1069 4507 et
1121 4450 1192 4503 iecra
1200 4459 1295 4537 pestra,
1309 4451 1392 4505 inueni
1407 4467 1489 4518 arant,
1503 4451 1530 4506 in
1542 4467 1592 4521 qna
1602 4453 1723 4522 scriptum
1736 4462 1804 4507 erat:
1816 4451 1893 4524 lprrete

283 4547 310 4598 iu
320 4547 376 4616 sere
386 4559 430 4614 per
439 4557 524 4596 emeres
537 4542 590 4596 dies
601 4541 684 4597 adres
693 4542 736 4612 qui
745 4542 850 4596 aderaut
861 4557 870 4596 .·
886 4541 961 4608 Vide,
972 4542 1068 4597 iterum
1123 4539 1189 4594 Dea.
1208 4542 1287 4606 Quem
1301 4557 1362 4612 erpo
1374 4541 1518 4614 ipnerantes
1530 4541 1631 4605 colitis,
1647 4542 1714 4596 hunc
1730 4558 1774 4612 eqo
1787 4543 1893 4594 annuntie

283 4651 343 4692 earn
366 4633 466 4691 iudaeis
491 4633 614 4698 disserit,
628 4632 745 4703 undique
762 4646 809 4687 ora
823 4633 1000 4702 comprimens
1019 4647 1068 4686 co·
1122 4631 1200 4685 nohis.
1224 4633 1263 4686 Ac
1285 4631 1307 4686 si
1324 4632 1384 4688 illes
1404 4631 1538 4696 laudaret,
1559 4631 1664 4687 ridetur
1683 4631 1748 4686 nihil
1767 4632 1892 4686 molestum

283 4742 363 4794 rtrm,
378 4724 558 4797 quidicerent
576 4725 662 4795 ipsum
682 4723 781 4778 relictis
798 4721 895 4777 ludaris
909 4722 941 4777 ad
956 4722 1070 4792 gentiles
1121 4721 1222 4779 dicere.
1239 4722 1319 4789 Quasi
1333 4724 1574 4792 superstitiosiores,
1590 4723 1692 4793 inquit,
1708 4741 1751 4778 nes
1771 4723 1854 4785 rideo:
1871 4721 1892 4774 id

283 4811 1069 4886 seceurertisse.llirumquodphilosophisicilieloqucuto
1121 4823 1178 4880 est,
1202 4815 1277 4885 quasi
1300 4815 1369 4884 pins.
1394 4813 1427 4868 lu
1447 4830 1497 4883 qna
1517 4817 1639 4886 scriptam
1651 4826 1705 4870 erar
1717 4832 1727 4871 .·
1740 4815 1828 4887 ignore
1841 4813 1891 4866 lire.

282 4926 336 4966 non
356 4910 445 4966 statim
458 4908 601 4964 deriserint
612 4922 672 4962 euru
685 4920 744 4960 cum
758 4905 933 4973 contumelia,
951 4921 1037 4976 neque
1052 4920 1068 4960 a
1121 4905 1189 4972 Quid
1205 4912 1246 4960 est
1260 4903 1330 4960 hec?
1345 4904 1539 4972 Athenienses,
1554 4905 1614 4976 quia
1629 4907 1773 4977 permulta
1787 4917 1892 4976 tempora

282 4996 767 5071 praedicationeresilieriut,dicentes:
778 4994 871 5049 Procul
879 4994 930 5049 hoc
939 4995 1069 5065 astaphi-
1121 5003 1280 5064 acceperant
1300 4992 1366 5049 deos
1390 4995 1469 5049 etiam
1489 5004 1646 5062 extraneam
1672 5011 1766 5066 nempe
1781 4993 1892 5064 temptum

280 5079 413 5160 leeophia.
429 5086 496 5156 Quia
510 5087 576 5142 nihil
589 5085 675 5140 tanetus
694 5084 827 5138 hahebat:
842 5083 958 5161 alioquin
978 5093 1068 5141 entem
1121 5082 1256 5150 Aiiner'rar,
1271 5084 1353 5151 l‘ana,
1366 5084 1487 5156 aliosque
1499 5083 1624 5154 aliunde;
1639 5086 1778 5151 timenter,
1792 5099 1823 5139 ne
1837 5085 1894 5136 hrte

280 5175 351 5237 dicta
365 5194 415 5235 nec
428 5178 578 5248 capierunt,
589 5187 638 5230 nec
647 5173 986 5246 intelligebant—Quomodo
995 5163 1066 5228 eni'tn
1121 5175 1181 5245 quis
1196 5175 1263 5230 alius
1276 5175 1395 5231 nundum
1410 5184 1488 5230 taetus
1502 5175 1554 5232 sibi
1568 5184 1656 5241 esset,
1671 5177 1714 5247 qui
1733 5185 1818 5230 tarneu
1831 5173 1892 5227 cala·

280 5269 495 5349 intellexissent,
519 5281 579 5321 cum
592 5265 636 5320 alii
653 5264 735 5320 herrm
751 5279 810 5319 esee
822 5278 939 5334 eorpus,
959 5263 1003 5320 atti
1019 5276 1067 5319 re·
1122 5276 1197 5322 ratur
1219 5267 1301 5335 aliisi,
1324 5267 1356 5321 ud
1379 5267 1508 5338 majorem
1530 5269 1700 5324 securitatem
1723 5267 1783 5322 huie
1802 5277 1893 5337 quoque

278 5363 408 5431 luptatesn
421 5373 481 5414 esse
494 5357 647 5413 felicitatem
657 5355 795 5412 dicarent?
805 5354 848 5412 te.
864 5355 973 5422 Quidam
983 5364 1069 5407 autern
1121 5365 1194 5414 nrum
1208 5368 1359 5415 erexerunt,
1368 5359 1434 5427 Quia
1448 5374 1514 5415 vero
1527 5375 1580 5416 ῃοῃ
1592 5370 1650 5416 mr
1664 5360 1814 5416 manurejqu
1824 5359 1891 5420 trent,

280 5453 400 5524 Epicurei
412 5462 435 5505 et
449 5449 531 5505 stetu
544 5449 697 5504 deterrimi
710 5463 768 5503 cvm
781 5463 828 5528 eq,
844 5457 868 5502 θ’
880 5446 983 5517 quidam
996 5444 1066 5499 Alce·
1121 5449 1277 5519 inscriptum
1291 5456 1364 5514 erut,
1380 5447 1473 5522 ipuete
1484 5449 1547 5504 Dee.
1565 5449 1640 5506 horre
1652 5466 1715 5522 ergo
1727 5449 1814 5506 lernam
1828 5445 1890 5501 Chri·

281 5544 363 5599 iant:
385 5540 454 5607 Quid
467 5541 518 5603 nait
532 5539 718 5596 seminiverbius
733 5538 779 5594 iste
799 5538 902 5592 diceret
921 5535 973 5592 Alii
990 5551 1068 5601 nere,
1121 5547 1189 5595 stam
1212 5553 1287 5602 esse,
1311 5537 1409 5593 Paulus
1432 5531 1516 5606 dicit,
1543 5539 1703 5611 imo'pntins
1724 5540 1892 5594 anniversomm

281 5630 414 5688 Nauarum
432 5631 615 5686 demoniorum
628 5629 726 5684 ridetur
741 5629 905 5683 annuntiator
920 5643 991 5690 esse:
1009 5628 1092 5698 quia¹
1121 5629 1217 5692 nean.
1245 5629 1326 5698 Quem
1352 5645 1411 5700 erpo
1434 5631 1594 5700 ignorantes,
1610 5631 1712 5701 iuquit,
1727 5629 1822 5690 colitis,
1836 5626 1892 5679 haras

283 5721 406 5778 turra-a
425 5721 631 5776 resurrectionem
652 5719 817 5778 enamuahu
829 5719 874 5780 ris·
894 5717 960 5774 Nam
978 5733 1070 5778 resm-
1121 5735 1168 5792 rpe
1181 5721 1303 5780 annuntie
1315 5718 1464 5777 uehisl'ldc
1476 5719 1607 5791 quommlo
1622 5719 1753 5784 ostendat,
1769 5713 1890 5789 ipsosjtm
