4084 6350
332 364 386 436 tet

331 499 431 554 tionem
443 507 550 565 quaque
562 486 679 555 divium
691 502 727 547 es
739 504 787 547 ore
798 481 858 559 eius
866 487 1028 562 accepimus,
1045 491 1125 549 insui-

331 562 467 625 dationem
489 564 676 636 spiritualem,
702 578 760 633 qum
779 560 892 632 gruttam
915 579 1022 618 arranem
1045 564 1125 619 mird-

329 639 443 695 errabat.
463 636 613 693 Abantino
636 634 750 689 ordinati
775 648 883 699 sumus,
910 642 940 689 ut
965 644 1125 704 potestatem

330 710 480 767 habeamus
492 705 643 763 dimitteudi
660 714 785 775 peccata;
807 714 833 760 et
851 704 988 773 judicandi
1014 714 1124 776 peccata

329 780 484 837 laenitatem
500 778 669 848 accepimus,
685 776 819 832 bocdicto
841 790 890 831 uos
911 776 945 831 ad
971 776 998 832 id
1022 778 1123 834 consti·

330 860 422 909 luente
438 868 445 904 ε
461 848 732 919 Quorumreurireritis
746 857 865 915 percara,
883 848 1047 903 remittuntur
1068 850 1123 917 ιιι,

286 976 294 984 .
328 934 354 978 et
368 939 477 997 quarum
488 920 652 983 reduueritir,
667 928 763 973 retenta
773 927 842 975 suut.
850 917 959 974 Talibus
971 918 1124 977 Servatoris

283 998 286 1003 '
327 995 409 1051 dictis
420 1008 482 1049 cum
496 990 594 1062 gaudio
605 990 738 1063 acceptis,
748 988 809 1044 talia
825 990 896 1044 nacti
918 1004 1011 1045 sumus
1028 991 1097 1046 dona
1113 1008 1121 1048 ι

274 1082 278 1088 ’
328 1064 466 1123 nonenim
480 1072 635 1133 poteramus
649 1076 664 1114 a
680 1061 725 1116 tali
740 1060 855 1116 Doruiua
869 1059 931 1123 ιιι,
944 1061 1004 1117 sine
1014 1061 1123 1118 divitia·

326 1150 386 1192 rum
400 1132 556 1197 accessisse
567 1147 602 1199 ,a
617 1132 663 1187 tali
674 1132 787 1188 Domino
799 1130 910 1196 collata:
924 1140 952 1187 tu
963 1147 1027 1188 vero
1048 1134 1123 1192 solus

327 1222 429 1279 pauper
441 1204 564 1261 mansisti
573 1206 641 1275 ,qui
656 1219 710 1259 non
720 1203 826 1272 aderas.
841 1202 991 1268 Statimque
1004 1202 1122 1261 Thomas

327 1276 467 1347 respondit
489 1274 563 1331 illis:
579 1274 634 1331 ilos
658 1273 709 1330 soli
733 1273 873 1329 liorrvinum
895 1272 1014 1341 vidistis,
1036 1290 1122 1343 agatae

326 1350 400 1405 solus
414 1346 540 1417 indignus
553 1361 614 1401 sum
626 1344 686 1415 ejus
698 1343 865 1415 conspectu?
878 1342 973 1400 Nonne
991 1354 1021 1400 ut
1034 1345 1121 1401 vocati

324 1421 410 1485 estis,
433 1427 528 1487 etega
547 1426 657 1473 vocatus
681 1414 761 1471 sumi
781 1424 809 1469 ιι
835 1422 864 1469 ιι
885 1414 1008 1469 ltuuorati
1034 1416 1119 1482 estis,

324 1506 375 1561 ega
398 1491 546 1545 banorum
570 1504 630 1542 sum
656 1486 690 1543 ab
713 1486 779 1541 illul
805 1498 893 1541 noune
924 1494 953 1539 ut
975 1501 1024 1541 ros
1050 1486 1118 1542 ridi·

323 1567 374 1617 stis
397 1561 471 1616 ilium
495 1557 674 1623 crucilisum,
694 1571 745 1627 ego
763 1571 869 1627 quoque
888 1557 961 1612 rtdtt
976 1556 1118 1614 Vobiscum

325 1632 411 1688 tristia
423 1632 492 1696 uidi,
508 1631 569 1686 valo
581 1630 663 1685 ctiam
678 1631 738 1683 luta
752 1627 867 1683 discere.
882 1626 917 1683 Ut
931 1627 983 1683 vidi
1004 1637 1127 1685 mortem·

324 1704 443 1763 Christi.
468 1701 531 1758 volu
554 1714 661 1770 quaque
679 1699 904 1755 resurrectionem
929 1700 987 1769 cjrrs
1008 1702 1118 1771 conspi-

322 1790 396 1831 cere.
414 1772 475 1829 Nisi
486 1774 552 1827 errius
565 1771 651 1825 uidero
661 1771 689 1825 ιι
703 1771 819 1826 remetitur
829 1770 887 1825 c'ur
902 1770 1012 1839 dustram
1034 1772 1120 1827 eluro.

322 1863 397 1913 ratur,
413 1844 547 1900 eluritlam
559 1842 668 1913 digitum
678 1858 762 1895 merem
784 1841 812 1895 iu
834 1788 918 1895 doura
934 1842 1074 1907 cirruaruur,
1093 1852 1119 1899 el

321 1918 422 1972 mittam
435 1930 540 1970 manunt
553 1929 636 1968 meant
645 1913 673 1967 iu
686 1913 753 1967 latur
766 1912 832 1981 ejus,
846 1929 897 1967 narr
907 1914 1009 1966 credam
1024 1912 1116 1983 (laau.

322 1988 368 2043 stt.
382 1987 448 2057 25).
462 1983 542 2041 certe
553 2000 602 2039 vas
612 2000 666 2038 non
676 1982 879 2049 credidissetis,
894 1983 944 2039 nisi
956 1984 1092 2040 vidissetis
1107 2003 1115 2041 ε

322 2060 362 2113 ιιι
372 2066 460 2129 etego
471 2056 524 2111 nisi
539 2054 643 2121 videro,
657 2068 711 2110 non
728 2053 847 2109 credam.
862 2053 1028 2121 Persevera,
1044 2055 1117 2110 Tira·

321 2144 383 2196 raa,
396 2142 538 2199 persevera
550 2127 577 2182 ιι
591 2126 642 2181 ιιι
654 2124 764 2195 puicbra
778 2124 964 2181 incredulitate
978 2137 1022 2181 tua
1035 2142 1043 2193 ;
1056 2135 1114 2182 stu-

321 2200 399 2255 diose
424 2212 593 2270 persevera,
620 2195 708 2252 donec
736 2204 828 2251 teneas
855 2194 917 2251 lidei
942 2198 1113 2264 aneboram;

320 2270 507 2326 vehementius
522 2282 665 2339 persevera
680 2266 706 2321 in
722 2265 773 2322 lroc
786 2275 832 2321 tua
852 2266 1004 2335 desiderio,
1027 2268 1114 2325 dorree

321 2340 414 2398 videas
426 2355 489 2397 eum
502 2354 583 2411 quem
597 2337 744 2394 desideras.
761 2338 828 2392 lium
841 2337 1032 2407 cogitationum
1053 2348 1113 2395 ιιι-

320 2428 381 2469 rum
394 2412 603 2476 dubitationem,
615 2425 676 2481 qum
690 2424 797 2464 οιιιιιιι
819 2406 1014 2466 dubitationem
1036 2425 1113 2467 rese·

320 2493 388 2541 eet:
404 2482 486 2539 laudo
510 2482 618 2537 modum
642 2479 717 2535 iilum
741 2480 938 2535 contentiosum
961 2490 990 2535 et
1010 2479 1113 2537 Clrristi

319 2564 455 2611 amantem
468 2594 477 2620 ,
492 2563 522 2609 ut
532 2553 576 2623 ιιι
590 2565 698 2608 omnem
711 2549 898 2605 hereticorum
910 2552 1112 2609 contentionem

319 2626 435 2683 aulerat.
453 2624 493 2681 Νι
504 2622 599 2680 credas
611 2663 619 2688 ,
630 2621 687 2693 jam
702 2620 786 2691 magis
799 2621 879 2676 ladem
893 2637 993 2691 neges.
1013 2631 1043 2678 ut
1062 2638 1112 2695 ega

319 2696 434 2753 lirmiter
448 2694 568 2752 credam.
582 2692 679 2761 urere
692 2692 854 2755 bominum,
869 2700 898 2748 et
911 2708 976 2749 vaca
990 2708 1112 2763 praeseu-

320 2776 393 2837 tem,
412 2776 442 2823 ut
457 2775 483 2823 te
497 2774 635 2836 quaerente
647 2778 679 2819 ac
693 2772 825 2829 vocante,
839 2778 889 2833 ego
902 2763 1112 2834 Redemptorem

318 2852 409 2896 meum
419 2838 577 2909 amplectar.
591 2836 737 2891 Persevera
749 2834 821 2889 illum
831 2848 954 2905 quaerere
964 2837 1010 2905 qui
1024 2836 1109 2893 dixit:

319 2910 448 2977 Qaedte,
471 2917 495 2964 et
509 2906 640 2963 inuenietis
663 2904 821 2975 (liuttici.
840 2906 887 2976 7).
907 2905 947 2961 Ne
965 2917 1112 2977 praetereas

317 2981 476 3053 simpliciter
499 2980 660 3047 exptoraus,
686 2977 708 3031 si
732 2991 785 3032 non
808 2977 927 3045 reperias
952 2980 1109 3035 thesaurum

317 3067 398 3135 quem
425 3051 549 3123 inquiris.
577 3049 723 3105 Persevera
749 3047 860 3117 parimus
883 3048 993 3118 ianuam
1017 3051 1117 3121 cogatis

316 3122 416 3189 tronis,
428 3138 489 3195 quae
503 3121 570 3178 nulli
584 3119 621 3176 sit
632 3117 839 3176 contradictioni
859 3118 995 3187 obnoxia,
1022 3120 1111 3180 donec

315 3197 389 3251 illam
410 3195 515 3267 aperiat
526 3193 572 3263 qui
584 3191 653 3248 dixit
668 3207 676 3244 ι
694 3189 820 3255 Pulsate,
846 3200 897 3244 eta
916 3191 1009 3245 orietur
1027 3195 1108 3250 uadis.

315 3266 446 3323 Libenter
470 3263 552 3321 audio
575 3272 602 3319 ιι
625 3276 698 3331 sepe
721 3261 877 3317 dicentem:
922 3263 953 3318 iri
976 3263 1063 3318 uidua
1082 3266 1110 3320 iu

314 3339 432 3393 manibus
445 3338 502 3408 ejus
512 3337 623 3405 liuram
634 3333 770 3397 clarorum,
782 3349 833 3388 aaa
841 3333 953 3388 credaut.
964 3331 1003 3390 'l'c
1011 3337 1110 3406 quippe

315 3407 520 3472 noneredenre,
535 3420 585 3476 ego
605 3403 718 3460 credere
739 3403 814 3458 disco
828 3423 834 3459 :
850 3413 877 3458 te
899 3404 987 3474 ligone
1011 3405 1116 3484 linguar,

315 3488 370 3536 ture
384 3494 448 3534 arva
462 3477 546 3533 divini
560 3477 682 3546 corporis
695 3473 832 3541 iodiente,
849 3491 865 3531 e
883 3489 900 3528 a
914 3479 1028 3531 tructam
1050 3479 1109 3535 sine

313 3550 408 3606 labore
418 3549 536 3618 decerpo
551 3555 579 3603 et
602 3547 668 3602 milri
693 3545 846 3601 accumulo.
896 3546 928 3601 isi
948 3546 1042 3616 videro
1067 3549 1109 3606 bis

314 3619 384 3677 meis
395 3621 483 3677 oculis
496 3619 587 3675 sulcas
600 3618 628 3674 in
642 3616 743 3673 sanctis
755 3617 878 3672 manibus
891 3617 960 3687 ejus,
975 3633 1042 3689 quas
1054 3621 1108 3676 sul·

315 3701 411 3749 carnut
423 3690 508 3762 impii,
522 3704 667 3760 numquam
679 3689 777 3745 vestris
787 3689 980 3758 obtemperabo
995 3691 1084 3748 verbis
1099 3709 1107 3747 ι

315 3764 367 3819 nisi
384 3764 554 3818 lruucmeum
567 3759 680 3831 digitum
694 3761 798 3814 mittam
814 3761 840 3813 iu
863 3758 995 3816 laramius
1019 3761 1108 3819 claro·

214 3887 219 3896 ,
313 3831 1108 3903 ramiruucvestrumbouumnuutiumnonaccipiam:nisi

314 3913 421 3978 tangam
441 3904 492 3959 bac
512 3918 592 3958 manu
614 3917 673 3960 mea
692 3903 762 3958 latus
783 3900 860 3970 illud,
879 3918 933 3959 nau
952 3917 1108 3974 suspectum

311 3975 518 4033 restrrrectiauis
529 3984 641 4041 testem,
655 3988 708 4030 non
719 3972 827 4029 credam
841 3975 994 4029 testimonio
1005 3986 1105 4032 vestro.

347 4047 377 4104 ι.
389 4045 492 4104 videbo
504 4046 590 4101 aculis
601 4046 669 4101 meis
683 4060 725 4110 ea,
739 4059 799 4115 quaa
812 4058 859 4100 vos
872 4045 1023 4115 praedicatis
1034 4049 1108 4118 (tram

311 4135 377 4176 rure
395 4119 527 4175 certiores
548 4123 612 4172 sunt
631 4124 713 4172 testes
736 4113 886 4187 aculi);·er
907 4125 969 4171 tuuc
988 4126 1108 4176 vestrum

311 4191 440 4260 recipiam
455 4189 567 4244 dictum.
580 4186 667 4244 Οιιιι
682 4187 782 4258 quippe.
797 4187 907 4242 verbum
920 4201 936 4241 a
951 4187 1033 4244 rebus
1044 4189 1109 4258 ipsis

310 4264 512 4326 eouttrmatum,
522 4259 640 4314 validum
652 4267 681 4314 et
690 4259 797 4313 iirrurrm
809 4266 865 4322 est:
879 4259 920 4312 sin
937 4273 1027 4314 rerum
1038 4260 1109 4330 ipsa-

311 4347 371 4388 rum
386 4330 589 4388 coulirmariuue
601 4331 729 4400 privetur,
742 4329 880 4383 inanitera
890 4329 968 4384 labiis
979 4330 1006 4385 in
1016 4345 1108 4387 aerem

312 4402 483 4458 dillunditur.
498 4401 623 4457 bostaris
636 4399 720 4456 nostri
735 4399 863 4454 miracula
878 4401 1108 4472 iromirtibusproe-

311 4473 452 4530 dicaturus
471 4486 532 4527 surn
544 4488 553 4539 ;
565 4472 700 4542 quomodo
722 4471 801 4540 igitur
818 4485 850 4525 ea
867 4485 927 4540 quae
949 4479 1002 4527 bon
1022 4474 1108 4530 ocutis

311 4546 435 4615 percepi,
458 4543 547 4600 uerbis
569 4540 729 4613 pruierami
751 4539 886 4611 quomodo
907 4540 1054 4599 incredulis
1075 4559 1108 4602 ιι

311 4615 425 4672 eredere
445 4613 582 4678 suadebo,
595 4614 692 4684 quibus
705 4613 763 4682 ipse
784 4625 837 4666 non
859 4611 953 4668 adluit
972 4616 1107 4684 quamodo

310 4685 413 4744 ludaeis
434 4701 466 4741 ac
488 4683 634 4757 gentilibus
654 4684 742 4738 dicam
758 4699 766 4738 ι
782 4681 942 4738 crucilirum
964 4685 1107 4743 Dominum

310 4773 401 4813 meum
415 4758 489 4823 vidi,
511 4754 699 4812 resuscitatum
721 4769 774 4810 uon
789 4753 860 4822 vidi,
874 4755 922 4810 sed
939 4755 973 4812 ab
986 4758 1046 4813 aliis
1060 4773 1108 4814 au·

310 4829 385 4884 dtrtt
398 4829 498 4900 Ecquis
513 4826 571 4883 brec
583 4826 716 4881 dicentem
732 4840 785 4881 ιιοι
802 4825 947 4881 irridebit?
961 4829 1022 4899 quis
1038 4845 1107 4900 prm·

309 4900 473 4955 dicationem
496 4913 550 4953 nou
569 4897 700 4967 respuet?
718 4893 798 4952 Aliud
810 4907 853 4952 est
866 4896 1017 4965 audivisse,
1035 4899 1108 4956 aliud

310 4970 432 5027 vidisse:
446 4969 518 5025 atiud
539 4967 620 5024 verba
644 4965 802 5038 percipere,
817 4967 890 5022 aliud
905 4968 996 5025 videre
1015 4980 1043 5026 et
1060 4985 1109 5027 es-

309 5042 405 5112 periri.
421 5041 484 5096 llaee
497 5046 525 5096 et
543 5039 640 5094 siurilia
656 5054 717 5094 cum
729 5040 893 5109 coapostolis
910 5039 1013 5097 diecret
1033 5040 1106 5096 'lita-

309 5128 387 5180 arras,
403 5114 539 5184 ingressus
551 5120 593 5165 cst
606 5125 711 5165 rursum
726 5109 805 5166 lesus
817 5110 851 5164 ad
865 5110 1009 5181 discipulos
1019 5111 1107 5181 ianuis

308 5184 420 5240 clausis.
440 5183 562 5252 ingressa
575 5190 618 5238 est
630 5180 716 5236 lanua
731 5183 794 5237 vitm
808 5196 856 5252 per
868 5182 974 5238 clausas
990 5182 1082 5238 'antias
1098 5200 1106 5236 :

308 5269 343 5310 ea
358 5257 439 5312 moda
452 5255 588 5324 ingressus
605 5263 658 5319 est,
676 5263 730 5324 qno
749 5253 824 5308 ιιιιιι
842 5252 929 5323 ipsum
951 5267 981 5307 so
994 5267 1037 5307 um
1059 5254 1106 5310 liei

309 5325 440 5382 Verbum.
459 5323 535 5382 Sicut
546 5323 618 5380 euim
634 5338 696 5380 cum
716 5334 794 5380 uatus
814 5332 872 5386 est,
887 5323 1048 5395 virginitatis
1063 5325 1107 5396 ja·

309 5411 378 5453 aurs
393 5411 446 5453 rron
461 5396 547 5464 laesit,
561 5396 694 5452 sicariam
710 5397 779 5452 intra
793 5393 903 5450 domrrm
916 5407 1040 5465 repertus
1053 5404 1105 5464 est,

308 5480 337 5523 et
350 5469 467 5523 claustra
486 5482 540 5522 nou
562 5465 650 5539 lregit.
666 5467 707 5522 dc
719 5479 831 5532 rursus,
844 5474 877 5521 ut
890 5465 957 5521 exiit
968 5480 1001 5522 ιι
1015 5469 1108 5536 sepul·

308 5552 358 5595 cro
381 5539 473 5596 clausa
497 5546 525 5595 et
548 5538 701 5609 obsignato,
725 5537 765 5593 sic
786 5538 926 5608 ingressus
950 5547 993 5592 est
1015 5537 1106 5608 januis

308 5610 420 5667 clausis.
443 5611 582 5682 ingressus
595 5623 629 5665 ca
643 5618 685 5665 est
698 5622 800 5676 carne,
816 5607 862 5663 ubi
874 5616 932 5663 erat
943 5607 1103 5677 divinitate,

307 5689 338 5736 ιι
349 5682 445 5754 januas
458 5696 512 5737 uon
527 5681 644 5750 aperuit.
661 5679 750 5735 ilaluit
763 5683 852 5744 euim,
867 5687 895 5734 ιι
909 5677 975 5734 uibil
989 5680 1105 5752 impedi·

308 5753 347 5806 vit
362 5770 370 5805 r
387 5753 481 5817 voluit,
497 5759 525 5806 el
539 5751 629 5805 omnia
644 5760 840 5807 concurrerunt
855 5768 863 5806 :
879 5751 974 5818 voluit,
988 5762 1016 5806 ιι
1031 5767 1106 5808 crea·

309 5831 369 5877 tura
391 5823 442 5890 ipsi
461 5823 608 5891 obsequura
623 5830 686 5876 est:
702 5822 830 5875 voluntati
845 5821 904 5890 ejus
924 5823 1014 5878 omnia
1036 5837 1104 5878 cuu-

309 5900 463 5960 curreruut,
488 5891 560 5960 quod
584 5905 648 5948 vere
670 5892 742 5948 Deus
754 5900 838 5948 ιιιιι.
860 5891 906 5949 Sic
924 5903 952 5950 et
966 5896 1104 5966 generatio

1076 358 1212 429 stuata.

1409 346 1423 381 '¹
1922 366 1978 435 ιιι

1180 491 1237 560 eius
1251 503 1359 545 omnem
1378 500 1530 546 sermonem
1543 500 1664 563 superat,
1684 501 1712 550 ιι
1730 492 1818 551 esitus
1830 508 1863 551 es
1876 510 1979 557 monu-

1178 572 1269 617 mento
1296 570 1412 617 tuentem
1440 577 1546 618 aruncm
1573 564 1764 632 transcendit,
1785 566 1977 644 ingressusque

1178 632 1236 702 ejus
1258 630 1290 687 ad
1318 630 1464 701 discipulos
1489 632 1630 691 inritabilis
1654 637 1896 710 inenarrabilisque
1919 651 1976 701 est.

1176 703 1253 771 Quod
1268 703 1376 775 quidem
1390 704 1525 775 ingressus
1537 705 1572 760 sit
1584 706 1617 761 ad
1629 706 1787 777 discipulos,
1803 708 1855 767 boc
1865 712 1977 783 quidem

1176 774 1289 831 edoctus
1301 790 1361 831 sunt
1374 792 1381 829 ε
1395 775 1530 845 quomodo
1541 777 1677 847 ingressus
1687 779 1736 844 sit,
1749 781 1867 836 nondum
1879 782 1975 839 didici.

1176 845 1253 913 Qurrd
1269 861 1320 901 uon
1336 846 1395 917 ipse
1410 848 1526 918 percepi,
1551 864 1601 904 nee
1620 849 1710 906 dicere
1725 850 1821 907 audeo.
1838 851 1906 908 Eum
1927 854 1976 924 qui

1176 916 1314 989 ingressus
1326 926 1367 973 est
1381 917 1508 983 celebra,
1525 919 1662 991 ingressus
1676 920 1783 977 modum
1798 939 1852 978 nau
1864 925 1977 983 curiose

1175 987 1283 1057 inquiro
1299 1008 1305 1043 :
1323 987 1443 1071 prmdicq
1453 990 1628 1061 mysterium,
1650 1007 1699 1047 nec
1718 992 1824 1063 explico
1838 995 1910 1066 quod
1926 1012 1977 1052 ex·

1175 1059 1268 1183 plicari
1291 1061 1382 1131 nequit
1398 1078 1405 1116 :
1421 1072 1525 1131 stgrrum
1548 1060 1649 1117 editum
1671 1063 1809 1131 admiror,
1834 1066 1976 1137 quomado

1185 1138 1273 1185 actum
1294 1131 1331 1186 sit
1351 1145 1404 1186 uan
1425 1145 1517 1201 quaero
1534 1154 1540 1188 r
1555 1131 1588 1186 iis
1601 1148 1661 1202 quan
1675 1134 1776 1204 scripta
1789 1148 1852 1193 sunt
1865 1137 1974 1206 credo,

1174 1215 1224 1257 nee
1238 1202 1344 1257 curiose
1357 1202 1488 1272 explora,
1503 1211 1531 1258 et
1552 1201 1666 1259 salutem
1679 1219 1841 1279 consequor.
1856 1208 1975 1265 Auditor

1173 1272 1272 1343 quippe
1293 1288 1353 1328 sum
1373 1273 1562 1327 miraculorum
1576 1273 1692 1342 Domini,
1710 1290 1763 1334 nou
1780 1287 1872 1337 auteur
1887 1281 1914 1334 itt
1928 1278 1973 1335 di·

1174 1342 1244 1399 sinis
1270 1343 1322 1398 illis
1345 1343 1546 1413 operationibus
1570 1358 1693 1402 versatus
1716 1364 1786 1404 sum.
1810 1350 1886 1406 Etsi
1909 1352 1973 1421 quis

1173 1411 1326 1469 ludaeormu
1350 1414 1448 1471 dixerit
1471 1414 1535 1469 milri
1557 1432 1564 1468 ε
1587 1415 1641 1473 lies
1663 1432 1773 1487 prorsus
1797 1419 1973 1479 incredibiles

1173 1485 1303 1554 praedicas
1317 1493 1345 1541 et
1367 1486 1565 1555 impossibiles;
1580 1489 1715 1557 quamodo
1737 1490 1823 1560 potuit
1846 1493 1971 1561 corporis

1173 1558 1259 1612 moles
1269 1556 1358 1627 janrris
1371 1557 1468 1611 etausts
1480 1556 1601 1613 intrare?
1615 1559 1741 1615 dicamur
1755 1574 1805 1631 ego
1818 1562 1856 1616 illi
1871 1562 1970 1630 :Quo-

1174 1627 1253 1680 modo
1269 1629 1355 1697 potuit
1370 1627 1538 1683 llabacucum
1554 1631 1665 1700 augelus
1678 1630 1813 1693 deducere
1834 1634 1860 1688 ιι
1879 1634 1969 1691 Ιιιιιι

1173 1696 1319 1762 ιιιιιιιιι,ιι
1329 1712 1433 1753 rursum
1445 1698 1507 1761 iude
1515 1700 1654 1767 reducere,
1666 1710 1693 1759 ιι
1702 1704 1822 1771 apposita
1832 1703 1970 1775 signacula

1171 1769 1244 1823 salva
1258 1779 1286 1825 et
1296 1770 1396 1839 iateg'ra
1409 1770 1559 1841 relinquere
1572 1770 1653 1843 (Dan.
1668 1774 1693 1828 l.
1709 1774 1769 1845 cett
1783 1774 1883 1830 Seruus
1895 1776 1969 1846 quod

1171 1839 1364 1905 schireburn,
1378 1850 1406 1896 et
1419 1839 1549 1896 Dominus
1564 1858 1616 1897 nun
1632 1844 1726 1913 putuit,
1743 1854 1771 1899 ut
1785 1845 1835 1900 sibi
1847 1845 1971 1917 placuit?

1170 1908 1399 1976 Quemadmodum
1421 1926 1493 1983 erga¹
1507 1912 1572 1968 iliud
1586 1912 1692 1970 valenle
1715 1914 1769 1971 lico
1788 1916 1888 1972 lactum
1913 1927 1967 1981 est,

1169 1980 1205 2036 ita
1229 1992 1257 2038 et
1279 1981 1329 2039 lroc
1344 1981 1450 2039 volente
1464 1984 1518 2039 Deo
1532 1982 1638 2049 Verbo,
1654 1986 1698 2056 qui
1714 1984 1794 2041 ltomo
1807 1987 1892 2043 lactus
1903 1997 1967 2056 est,

1170 2051 1317 2121 pcvlectum
1333 2053 1392 2109 luit.
1409 2052 1548 2123 Ingressus
1564 2066 1605 2111 est
1619 2070 1683 2127 ergo
1696 2056 1730 2111 ad
1742 2057 1889 2128 discipulos
1901 2073 1968 2115 suos

1169 2122 1309 2188 Servatur.
1326 2134 1356 2180 ut
1368 2124 1418 2181 sibi
1435 2124 1545 2195 placuit,
1561 2134 1588 2181 ct
1599 2128 1672 2183 stetit
1687 2128 1713 2181 in
1727 2130 1827 2194 medic,
1840 2132 1968 2185 utomni-

1167 2194 1218 2251 bus
1241 2196 1298 2267 pari
1323 2195 1403 2257 modo
1426 2204 1578 2267 appareret,
1600 2205 1628 2253 ιι
1649 2197 1717 2253 disit
1736 2201 1776 2255 eis
1791 2217 1798 2255 :
1816 2198 1875 2265 Pae
1893 2200 1967 2257 nabis

1169 2265 1259 2337 (lacu.
1273 2268 1318 2324 ιθ.
1332 2266 1389 2393 ιιλ.
1404 2266 1460 2322 Pax
1479 2267 1551 2323 euim
1571 2282 1642 2333 sum,
1664 2278 1691 2323 ιι
1713 2284 1805 2339 pacem
1825 2270 1860 2327 do
1874 2271 1965 2329 vobis.

1167 2336 1243 2404 ιιιιιιι
1263 2352 1334 2405 ιιιι,
1349 2339 1356 2392 ι
1389 2338 1434 2393 do.
1449 2339 1502 2393 Pas
1517 2336 1574 2394 hacc
1589 2354 1683 2396 omnes
1696 2340 1819 2397 iuimicus
1836 2342 1965 2412 sutrjtrter

1166 2410 1216 2465 sub
1238 2409 1350 2480 pedibus
1372 2409 1467 2465 vestris
1483 2427 1489 2463 :
1503 2424 1552 2480 par
1569 2410 1627 2465 lrmc
1646 2426 1742 2469 onturs
1756 2412 1921 2483 principatus
1936 2422 1966 2469 et

1166 2489 1314 2549 potestates
1340 2480 1462 2537 subditas
1476 2481 1560 2539 ,vobis
1582 2480 1659 2536 laciet
1681 2498 1688 2536 ι
1714 2498 1765 2554 pax
1785 2483 1843 2545 ιιι
1867 2494 1965 2541 ιοιιιι

1166 2559 1249 2607 totum
1261 2550 1353 2607 urbem
1365 2560 1495 2622 trapmum
1510 2551 1603 2623 eriget.
1624 2550 1712 2609 Gavisi
1726 2564 1817 2609 sunte
1849 2569 1866 2610 a
1881 2555 1965 2611 disei-

1165 2622 1232 2692 putt,
1245 2636 1305 2677 cunr
1321 2620 1426 2678 bomini
1447 2622 1487 2679 sui
1502 2622 1588 2677 larma
1601 2632 1628 2679 et
1647 2640 1712 2681 vace
1727 2626 1824 2681 itenrm
1848 2641 1965 2683 rueren-

1165 2702 1218 2758 tur,
1235 2704 1262 2749 et
1276 2692 1407 2749 'llromam
1420 2693 1690 2764 ctrltitis.pulsabant;
1705 2696 1754 2767 ipsi
1766 2697 1852 2752 oculis
1862 2712 1964 2753 annue·

1163 2762 1354 2833 barsumam
1374 2766 1498 2820 emodum
1526 2766 1729 2836 superciliorum
1749 2777 1814 2823 nutu
1835 2766 1965 2825 dicebant

1164 2834 1201 2890 itti
1215 2852 1222 2890 ι
1237 2836 1335 2891 dudan
1349 2780 1466 2891 diximus
1482 2836 1526 2891 tibi
1542 2850 1644 2906 nuper,
1669 2835 1784 2894 Vidimus
1801 2838 1960 2909 Dourirruur,

1163 2916 1190 2962 et
1203 2921 1256 2961 uon
1269 2904 1405 2963 credidisti
1422 2906 1517 2962 nobisi
1531 2906 1601 2963 Ecce
1616 2907 1692 2964 adest
1706 2910 1762 2980 ipse
1777 2909 1959 2979 desideratus,

1163 2976 1222 3046 ipso
1235 2976 1326 3033 iuuere
1340 2986 1369 3032 ut
1380 2980 1431 3040 vis,
1446 2976 1579 3033 delectare
1595 2987 1623 3033 nt
1637 2978 1775 3035 desideras
1790 2978 1911 3038 :accede
1924 2982 1961 3038 ad

1162 3062 1236 3115 eum,
1251 3049 1296 3119 qui
1314 3058 1422 3120 propter·
1435 3049 1548 3103 salutem
1564 3058 1634 3104 tuam
1647 3050 1681 3105 ad
1694 3066 1743 3107 uos
1755 3052 1892 3122 ingressus
1904 3061 1961 3122 est,

1162 3128 1189 3176 er
1202 3120 1293 3190 accipe
1305 3121 1482 3191 questionum
1498 3120 1670 3177 serationem.
1687 3120 1745 3192 lpse
1761 3138 1825 3179 vera
1838 3122 1960 3184 Thomas

1162 3191 1250 3248 stabat
1271 3192 1355 3248 oculis
1376 3193 1594 3262 circumspiciens
1608 3193 1696 3252 omnia
1710 3193 1860 3251 Serratmb
1872 3211 1962 3251 ntem-

1161 3261 1220 3330 bra,
1233 3271 1259 3318 ιι
1269 3262 1371 3334 singula
1383 3265 1489 3319 curiose
1502 3263 1654 3333 explorans,
1664 3279 1697 3319 aa
1709 3280 1771 3321 rere
1781 3267 1825 3336 qui
1836 3278 1962 3323 mortuus

1161 3343 1228 3400 erat,
1243 3334 1416 3390 resuscitatus
1430 3333 1545 3390 adesset.
1557 3333 1625 3400 Quid
1636 3336 1774 3403 ergodixit
1788 3337 1813 3392 ei
1828 3337 1873 3393 iile
1883 3338 1962 3394 sutus

1161 3405 1265 3472 bouus,
1276 3401 1355 3462 'solus
1368 3406 1521 3461 misericors
1535 3415 1562 3460 et
1575 3405 1721 3476 benignus,
1740 3407 1790 3476 Qui
1804 3410 1858 3463 uult
1871 3426 1961 3466 curaer

1161 3476 1274 3530 lrcmiuer
1295 3477 1378 3532 saluar
1401 3476 1467 3546 fieri,
1486 3485 1509 3530 et
1527 3477 1561 3531 ad
1581 3479 1735 3548 cgrritioueur
1749 3481 1861 3534 ueritutir
1875 3483 1962 3538 uerrire

1163 3547 1200 3620 (l.
1216 3545 1282 3602 Tiar.
1298 3548 1327 3602 2.
1341 3548 1387 3619 dli
1400 3547 1473 3618 laser
1485 3547 1590 3619 digitum
1606 3558 1678 3602 lauru
1688 3547 1747 3616 lrur,
1761 3561 1784 3604 et
1798 3552 1853 3604 oirle
1866 3567 1962 3606 rrrarrrta

1161 3635 1240 3674 tuear.
1254 3615 1277 3674 0
1289 3617 1461 3690 benignitatis
1473 3621 1580 3674 culmen
1594 3619 1753 3676 immensum
1766 3621 1773 3676 l
1787 3636 1804 3676 c
1817 3621 1961 3690 induigen-

1161 3688 1205 3745 tite
1228 3689 1428 3744 interminatum
1443 3688 1566 3760 pelagus!
1590 3687 1647 3745 Nou
1670 3693 1835 3762 exspectavit
1855 3693 1959 3748 aditum

1161 3759 1301 3831 discipuli,
1317 3775 1369 3816 nou
1384 3761 1547 3831 exspectavit
1562 3760 1648 3816 donec
1666 3761 1778 3833 supplex
1798 3763 1959 3828 accederet,
2040 3791 2041 3808 ι

1160 3846 1193 3887 ιι
1215 3840 1319 3903 poteret
1339 3839 1368 3886 ut
1388 3842 1507 3902 optatum
1526 3843 1732 3902 assequeretur,
1754 3848 1841 3903 ueqne
1860 3835 1901 3889 vel
1923 3834 1959 3889 ad

1160 3903 1242 3958 breve
1257 3914 1362 3972 tempus
1384 3901 1506 3966 distulit:
1529 3903 1576 3958 sed
1599 3905 1656 3974 ipse
1676 3917 1794 3972 presens
1808 3913 1959 3960 aruatorem

1160 3974 1194 4029 ad
1213 3973 1393 4029 desideratum
1414 3973 1440 4028 vi
1460 3973 1599 4044 compulit,
1624 3975 1682 4045 ipse
1695 3989 1761 4030 voce
1774 3989 1823 4030 sua
1844 3975 1959 4047 digitum

1160 4045 1339 4102 desiderantis
1365 4043 1399 4100 ad
1425 4059 1455 4102 se
1482 4045 1584 4112 traxit,
1611 4045 1670 4115 ipse
1701 4045 1839 4102 bortriaiea
1868 4046 1959 4117 lingua
2037 4043 2038 4052 ’

1161 4116 1286 4172 ιιιιιιιιι
1308 4131 1416 4173 manum
1436 4115 1470 4170 ad
1489 4129 1519 4171 se
1541 4117 1687 4188 pertraxit,
1701 4117 1794 4173 diceas
1809 4118 1847 4172 itti
1862 4135 1869 4172 ι
1883 4117 1962 4188 inser
2036 4125 2037 4132 ¹

1161 4187 1267 4256 digitum
1279 4195 1350 4242 tuum
1359 4188 1420 4254 buc,
1429 4196 1453 4240 et
1466 4187 1521 4241 uide
1533 4203 1623 4242 ιιιιιιιι
1635 4188 1836 4256 meretrcem
1847 4198 1873 4243 te
1885 4193 1959 4244 euim

1162 4267 1189 4314 te
1209 4251 1273 4326 adri,
1298 4269 1407 4328 propter
1429 4266 1455 4313 te
1475 4270 1581 4312 rursum
1596 4257 1648 4314 lruc
1661 4259 1774 4325 accessi,
1790 4259 1860 4314 uude
1876 4275 1958 4314 uum·

1161 4344 1242 4400 quam
1262 4331 1409 4386 secundum
1433 4327 1597 4384 divinitatem
1623 4327 1760 4384 abluerem
1777 4345 1784 4384 ε
1799 4337 1908 4400 propter
1934 4341 1960 4385 te
2034 4312 2035 4358 i

1160 4415 1257 4456 marrus
1274 4399 1354 4456 ltasce
1372 4399 1455 4455 clavis
1474 4399 1644 4468 conligendas
1657 4400 1780 4469 porrexi,
1795 4409 1823 4456 ut
1839 4401 1886 4456 ubi
1899 4401 1960 4458 sine

1161 4473 1281 4541 periculo
1294 4481 1339 4526 tua
1350 4471 1462 4527 sulutem
1471 4484 1605 4541 parerem.
1618 4469 1725 4526 Accede
1733 4471 1766 4527 ad
1777 4487 1821 4528 me
1831 4486 1957 4542 corpure,

1160 4543 1266 4613 spiritu,
1292 4542 1361 4607 lide,
1385 4551 1413 4598 et
1434 4541 1506 4596 clare
1526 4540 1599 4596 disce
1614 4556 1674 4612 quse
1688 4543 1793 4598 discere
1809 4544 1957 4613 cupiebas:
2031 4553 2032 4556 ’

1161 4629 1210 4685 pro
1225 4613 1309 4670 lubitu
1322 4621 1368 4669 tuo
1382 4623 1513 4680 scrutare,
1529 4612 1612 4678 disce,
1628 4623 1706 4684 tange
1722 4616 1816 4684 :qnasi
1831 4615 1919 4670 irtlaas
1932 4618 1958 4669 ιιι

1160 4686 1284 4741 ιιιιιιιι
1298 4685 1366 4740 meis
1378 4685 1476 4752 scripta
1492 4684 1549 4753 lege
1563 4683 1720 4740 voluntariae
1739 4685 1873 4756 passionis
1890 4701 1958 4741 merc

1161 4757 1281 4812 vulnera.
1296 4753 1392 4811 Omnia
1413 4753 1459 4810 tibi
1473 4755 1594 4810 membra
1610 4755 1644 4811 ad
1658 4755 1831 4812 scrutandum
1850 4755 1956 4812 allero:

2028 4745 2030 4817 l

1161 4843 1214 4882 non
1237 4826 1366 4883 erubesco
1388 4828 1509 4896 corporis
1526 4827 1641 4891 livores,
1661 4841 1712 4883 uec
1726 4827 1815 4882 earrris
1828 4829 1957 4893 vulnera,
2026 4823 2029 4909 i

1160 4913 1221 4969 quae
1240 4908 1349 4969 propter
1370 4899 1479 4953 vulnera
1504 4908 1592 4953 vestra
1614 4899 1709 4970 excepi
1724 4914 1732 4954 :
1746 4913 1799 4954 uon
1821 4899 1958 4954 abscondo
2027 4921 2028 4924 ¹

1160 4970 1251 5040 gloriae
1271 4969 1443 5039 victoriaeque
1466 4983 1534 5024 mere
1555 4976 1676 5039 tropma:
1692 4970 1778 5039 palam
1795 4970 1915 5041 prorleo,
1931 4978 1959 5024 et

1160 5041 1233 5095 omni
1255 5049 1385 5097 creaturae
1407 5040 1450 5095 illa
1474 5041 1560 5110 palam
1577 5041 1655 5097 lucia.
1673 5039 1744 5096 Vidit
1762 5041 1806 5096 illa
1827 5041 1885 5108 sol;
1898 5041 1958 5094 idea

1160 5114 1272 5167 secessit
1283 5119 1310 5166 et
1321 5111 1391 5167 diem
1405 5110 1432 5166 in
1448 5118 1554 5167 noctem
1565 5113 1681 5168 mutarit
1693 5129 1700 5168 :
1714 5111 1779 5168 vidit
1795 5121 1882 5176 terra;
1897 5110 1958 5165 ideo

1160 5183 1229 5252 luge
1252 5183 1339 5238 locum
1363 5183 1487 5253 quesivit
1505 5201 1514 5237 a
1529 5181 1587 5238 baec
1608 5186 1698 5239 sciunt
1719 5193 1822 5254 petrau
1845 5181 1958 5251 ideaque

1159 5255 1250 5310 scissae
1265 5263 1338 5317 suut,
1352 5263 1379 5308 et
1393 5254 1523 5310 scissione
1539 5255 1691 5325 passionem
1711 5268 1797 5310 meam
1812 5255 1956 5308 luserunt:

1160 5326 1218 5381 imae
1229 5324 1318 5380 sciunt
1330 5326 1443 5392 mortui;
1458 5341 1519 5380 uam
1538 5334 1678 5396 gtropterca
1697 5341 1731 5382 etr
1748 5325 1878 5396 sepulcris
1896 5336 1959 5393 pro·

1159 5397 1234 5453 diere
1256 5406 1395 5453 currentes
1415 5415 1423 5452 ι
1441 5399 1498 5454 tuac
1513 5397 1587 5452 novit
1608 5399 1696 5454 velum
1717 5396 1827 5469 tempii;
1842 5394 1958 5464 ideoque

1159 5467 1300 5524 discissum
1323 5466 1477 5524 ludaeorum
1501 5468 1647 5538 perniciem
1670 5469 1745 5523 lusit.
1783 5466 1844 5521 Vide
1866 5479 1958 5520 ruauua

1158 5555 1238 5606 rrrear,
1252 5547 1283 5594 ut
1296 5539 1401 5594 voluisti
1418 5556 1426 5592 z
1444 5539 1555 5610 digitum
1571 5549 1645 5596 tuum
1660 5541 1774 5595 immitte
1786 5538 1814 5594 in
1859 5536 1958 5592 oiurrda

1159 5611 1296 5681 plagarum
1310 5625 1443 5666 mearum.
1462 5611 1507 5664 lis
1525 5626 1632 5682 quoquc
1646 5611 1715 5666 latus
1727 5625 1817 5666 meum
1852 5607 1961 5664 onside·

1158 5695 1219 5738 rare
1235 5698 1243 5737 ι
1258 5696 1322 5738 ιιιι
1344 5681 1409 5757 iliud
1433 5683 1556 5751 expando
1572 5683 1629 5738 tibi.
1655 5681 1725 5738 lnicr
1751 5695 1859 5737 manum
1885 5688 1958 5735 tuam

1158 5753 1232 5809 illum
1247 5753 1397 5821 curiosam,
1415 5762 1442 5808 et
1458 5753 1533 5809 ruitte
1548 5754 1573 5808 iu
1593 5756 1662 5809 latus
1676 5769 1765 5809 meum
1782 5772 1789 5808 :
1805 5761 1884 5821 lunge
1896 5764 1958 5806 ear·

1160 5839 1211 5896 pus
1224 5839 1331 5888 mcuru,
1346 5826 1418 5896 quod
1432 5825 1492 5881 siue
1504 5824 1607 5882 sentino
1623 5825 1691 5881 virili
1705 5827 1880 5881 constitutum
1894 5829 1934 5877 est
1949 5833 1957 5875 ε

1161 5906 1240 5966 tanga
1251 5911 1348 5966 corpus
1362 5911 1449 5952 meum
1463 5909 1622 5968 conceptum
1639 5913 1674 5954 ex
1692 5896 1773 5953 llario
1791 5894 1917 5968 Virgine,
1932 5895 1960 5950 el
