4084 6350
282 421 441 500 supplicium
454 398 511 485 ειη
523 430 584 471 nant
596 423 671 470 extra
683 413 769 468 lucem
779 425 838 466 esse
848 425 897 480 per
907 425 936 464 so
947 423 1071 478 magnum

284 523 328 571 est
340 509 498 583 supplicium
515 505 579 562 :rel
599 505 687 559 irrtura
708 503 876 572 praemmtiat.
893 499 1074 565 Quctrmdnm·

285 604 350 660 dnm
365 603 436 660 enim
449 599 592 667 homicida,
604 597 668 652 lieet
680 592 811 650 seetemia
823 590 921 662 iudicis
934 591 1076 645 damnatus

285 711 339 751 non
355 694 400 761 sit,
414 693 472 764 ipsa
486 691 523 746 rei
538 699 629 745 natura
643 687 698 757 iam
713 671 854 740 danmatus
867 695 908 738 est
923 700 930 736 ι
944 683 1022 738 sicet
1035 683 1075 736 in·

285 785 418 840 credulus.
436 779 653 851 Quandoquidem
667 775 752 831 ddum
767 790 816 846 qna
830 775 873 830 die
887 773 920 830 de
941 773 1011 844 ligno
1026 788 1073 827 cu-

262 880 266 889 ’
284 872 378 938 medii,
394 881 515 936 mortuus
526 877 566 922 est
580 885 587 923 :
599 867 642 922 ilie
656 866 755 936 quippe
770 863 900 920 sententia
911 873 967 917 erat
985 881 990 916 :
1006 861 1076 930 Qua·

283 963 389 1032 curtrpite
403 961 443 1014 dle
463 957 620 1014 coaredert'tit
634 954 666 1010 de
684 955 772 1026 ligno,
793 953 933 1008 moriemini
946 951 954 1014 l
967 951 1030 1007 ‘lert-
1045 950 1073 1006 Ξ.

284 1053 341 1124 Π).
353 1052 433 1122 Atqui
448 1048 564 1104 vivebat.
576 1046 716 1114 Quomodo
726 1047 806 1116 igitur
816 1057 937 1099 tutortnas
947 1043 1024 1100 erati
1035 1043 1075 1098 Ex

260 1181 262 1184 -
283 1125 426 1204 sententia,
442 1147 513 1192 etex
528 1136 584 1205 ipsa
597 1136 637 1192 rei
650 1139 755 1191 natura.
769 1135 834 1190 Nam
846 1134 889 1205 qui
905 1151 934 1191 sc
946 1135 1076 1208 supplicio

253 1296 256 1302 y
284 1232 428 1287 obtroxium
451 1227 583 1293 reddidit,
603 1227 652 1284 sub
673 1226 804 1300 strpplieio
825 1236 882 1292 est;
897 1227 1001 1282 etiamsi
1022 1243 1075 1280 rtem

284 1324 382 1393 reipsa,
396 1319 443 1376 aed
457 1336 490 1375 ex
503 1321 646 1376 sententia.
661 1319 699 1378 Nc
712 1319 771 1390 quis
784 1319 854 1374 cnim
875 1318 996 1384 audiens,
1014 1315 1076 1372 Non

284 1416 341 1469 uerri
350 1403 379 1469 at
387 1413 503 1486 judicent
518 1414 650 1478 monrium,
665 1428 695 1468 se
709 1422 783 1484 putet
797 1413 904 1478 inruune
918 1425 997 1480 posse
1011 1425 1075 1480 pee-

284 1491 358 1580 care',
370 1491 485 1574 hincque
496 1505 671 1576 negligentior
685 1503 790 1567 eradat,
804 1500 993 1570 huncquoque
1006 1499 1077 1554 tollit

284 1593 426 1666 ignauiam,
442 1594 546 1660 dicens,
557 1591 617 1648 Jant
627 1591 756 1663 indicatus
770 1599 817 1646 ert.
841 1589 907 1658 Quia
922 1591 992 1645 enim
1005 1589 1077 1660 judi·

284 1687 354 1770 cium
365 1683 482 1748 intutum
494 1680 612 1741 nondum
626 1691 747 1749 venerat,
760 1681 881 1752 supplicii
896 1681 1017 1737 timorem
1029 1679 1076 1736 ad·

283 1773 395 1844 moret,
406 1787 433 1832 et
453 1775 618 1846 punitionem
636 1775 691 1846 jam
711 1774 826 1830 ostendit
841 1761 888 1828 :id
901 1772 971 1845 quod
987 1772 1077 1827 mette

283 1873 327 1920 est
340 1853 532 1935 benignitatis,
549 1878 602 1919 non
622 1861 703 1918 inodo
723 1863 820 1920 Filium
834 1860 917 1926 dare,
933 1860 979 1916 sed
994 1861 1076 1916 etiam

283 1937 528 2027 supplicii'tempns
538 1951 665 2020 diiier're,
680 1964 711 2010 ut
721 1953 824 2025 possint
837 1963 978 2024 peccantes
991 1961 1019 2008 et
1032 1955 1077 2008 in-

283 2047 387 2104 creduli
401 2057 509 2118 peccata
522 2061 570 2102 sua
584 2045 704 2103 abluere.
716 2045 765 2112 Qui
775 2046 854 2100 credit
865 2046 892 2099 in
903 2044 1010 2106 Filiam,
1025 2058 1076 2097 non

281 2137 618 2212 jrtdientrn‚..Qtrlocedii,
630 2153 683 2202 uon
698 2138 742 2207 nui
762 2136 866 2198 curiose
876 2137 1015 2206 ,inquirit;
1031 2135 1075 2208 nui

285 2230 381 2294 credit,
395 2244 448 2286 non
463 2231 508 2298 qui
524 2227 635 2284 multum
655 2236 800 2284 scrutatur.
815 2225 883 2294 Quid
900 2241 974 2296 ergo,
988 2227 1010 2279 si
1023 2225 1076 2280 im·

285 2337 350 2393 pora
363 2323 421 2388 eins
434 2321 486 2375 uita
501 2321 546 2386 sit,
558 2333 587 2375 et
596 2327 670 2391 gesta
686 2333 740 2375 non
754 2317 840 2373 borrtd
855 2317 908 2372 lios
920 2317 1010 2388 ntique
1023 2330 1075 2370 narn

284 2425 349 2468 uere
357 2411 516 2468 iideiesesse
526 2405 974 2476 l‘aniotaiudasfitsntnreeactte
983 2405 1075 2470 Dan,

287 2492 360 2574 [artis
372 2511 456 2556 antem
469 2507 561 2570 negant
577 2497 645 2570 (tta.
663 2499 689 2554 i.
705 2499 768 2569 to).
781 2497 913 2553 Ceterum
932 2496 975 2552 iric
988 2495 1078 2550 decla·

285 2603 344 2658 rat,
367 2594 441 2662 ipsos
460 2606 512 2646 non
535 2592 586 2646 ttae
603 2590 637 2647 de
654 2603 685 2646 re
697 2589 831 2659 judieari;
852 2588 898 2642 sed
910 2589 946 2643 oin
960 2588 1076 2642 facinora

285 2685 400 2755 gratiori
424 2683 526 2740 uitione
549 2681 697 2752 perdendos
721 2695 782 2736 esse
802 2697 809 2736 :
828 2679 992 2735 ιιιίιιιειιιιιίε
1012 2693 1078 2736 reta

286 2791 377 2840 cause,
389 2790 425 2831 eo
436 2775 506 2846 qtrud
521 2773 691 2839 crediderint,
706 2787 758 2828 non
774 2770 871 2842 puniri.

322 2870 354 2924 ι,
364 2868 457 2924 Vidett'
468 2867 602 2937 qrmmndo
614 2881 675 2922 cum
690 2879 705 2919 a
718 2864 882 2920 terribilibus
894 2877 974 2920 orsus
986 2871 1075 2928 esset,

285 2961 314 3014 iu
328 2958 422 3016 eedem
435 2973 526 3022 rnrsrrs
539 2957 664 3013 desinat?
677 2956 755 3011 initio
767 2955 865 3025 qtdppc
876 2953 981 3010 dicebat
995 2971 1002 3006 ι
1017 2953 1078 3010 Nisi

288 3051 342 3120 ertit
356 3059 431 3103 natur
444 3050 520 3120 [nent
532 3063 564 3102 es
578 3063 643 3118 equa
656 3057 680 3101 et
693 3047 865 3116 Spiritaman
878 3046 982 3100 introiit
995 3045 1024 3099 in
1035 3061 1077 3099 re·

283 3157 363 3213 prtum
378 3139 425 3195 Dei
433 3153 442 3207 ,⁸
458 3141 500 3196 irie
512 3153 576 3194 tero
588 3152 704 3203 rursum,
718 3136 768 3205 Qui
781 3151 831 3191 nen
841 3135 919 3190 nedit
931 3134 957 3190 in
968 3135 993 3191 F
993 3135 1074 3199 ilium,

280 3235 337 3304 jem
353 3230 487 3303 judicetur
507 3241 560 3294 ert:
575 3231 602 3285 id
619 3228 737 3296 cst,·lie
754 3238 832 3298 putes
850 3244 939 3284 moras
960 3228 1078 3298 peccatis

283 3326 430 3380 ulmetium
441 3324 545 3392 jurare,
558 3324 608 3377 nisi
624 3324 777 3393 resipuerit.
792 3322 857 3377 llam
868 3322 913 3392 qui
928 3338 980 3380 non
991 3321 1077 3377 eredi-

283 3416 354 3472 derit
365 3416 454 3481 ,2triltil
471 3414 577 3469 diducet
594 3414 631 3468 ab
647 3414 687 3469 eis
705 3413 750 3482 qui
768 3413 822 3481 jam
839 3412 948 3481 judicati
970 3420 1034 3465 sunt
1050 3420 1078 3466 et

284 3506 441 3576 puniuntur.
456 3505 501 3561 ts.
518 3503 574 3558 lire
586 3512 621 3558 ett
635 3512 719 3557 auten
728 3502 866 3573 indicium,
879 3502 940 3573 petie
953 3502 999 3577 ige
1011 3503 1077 3556 vertit

221 3614 225 3620 ·
241 3594 254 3615 ”
283 3599 311 3653 in
325 3596 457 3663 orandam,
469 3606 492 3651 et
503 3596 647 3651 dilexerunt
660 3594 773 3648 ironrinee
785 3594 866 3664 erepit
879 3594 991 3649 terebros
1000 3610 1076 3665 gnum

283 3690 386 3754 irene:
400 3688 451 3743 iaec
464 3695 515 3752 est,
532 3686 596 3742 ideo
612 3686 768 3757 nutriuntur,
782 3687 843 3755 quia
860 3682 982 3741 tenebras
996 3688 1078 3741 relin-

282 3792 366 3847 quere
383 3787 411 3834 et
430 3778 463 3833 sd
484 3778 570 3832 lucem
593 3789 735 3833 accurrere
753 3773 905 3832 noluerunt.
922 3777 969 3832 ilis
987 3778 1076 3833 teritis

226 3924 229 3929 ,
282 3883 390 3926 omnem
402 3869 436 3926 air
449 3869 502 3924 illis
514 3870 600 3943 artiori
614 3869 824 3925 excusationem.
840 3866 905 3923 Nam
921 3870 942 3923 si
959 3870 1076 3924 rationes

282 3970 311 4016 et
331 3974 423 4031 peenas
440 3962 607 4031 expetiturus
624 3959 777 4024 venissem,
792 3960 876 4030 irrqttit
887 4001 895 4022 ,
908 3958 998 4015 dicere
1011 3974 1074 4031 pos-

281 4060 342 4108 sent
358 4068 365 4104 ε
381 4050 444 4107 ideo
457 4051 627 4115 resjtmnms.
645 4049 697 4105 Sed
715 4050 774 4105 reni
795 4054 826 4103 nt
842 4048 901 4103 illos
920 4064 934 4101 a
956 4048 1075 4103 tenebris

281 4142 412 4213 eriperem
425 4182 433 4208 ,
447 4150 475 4197 ει
488 4140 541 4195 luci
554 4140 735 4195 admoverem.
752 4138 816 4207 Qttis
830 4152 895 4209 ergo
916 4139 1075 4206 nriscreettn·

280 4233 355 4306 eius,
368 4233 413 4305 eui
431 4248 446 4289 a
462 4232 578 4289 tenebris
596 4231 630 4287 ad
650 4230 739 4286 iucem
755 4230 847 4285 venire
865 4230 993 4285 recusati
1004 4230 1072 4284 Gom

280 4324 351 4379 enirn
372 4324 445 4378 nulia
459 4323 493 4377 de
511 4336 540 4377 ne
559 4336 609 4377 ttes
627 4322 750 4377 incttsare
772 4318 892 4389 possint,
908 4319 1011 4389 inquit,
1025 4319 1072 4374 sed

280 4414 354 4469 ntiile
366 4412 502 4469 benefieiis
517 4413 570 4473 sint
583 4411 682 4477 allecti,
698 4426 713 4463 a
728 4410 806 4465 nobis
826 4408 955 4465 resiliunt.
971 4408 1027 4465 liae
1038 4410 1072 4466 de

257 4490 263 4509 '
280 4512 311 4559 re
320 4518 426 4574 quoqne
441 4502 501 4558 ilios
513 4501 575 4558 alibi
588 4516 716 4557 accusans
725 4500 841 4563 dicebat,
855 4496 922 4555 Odia
932 4498 1073 4555 imitermt

279 4612 320 4651 nte
332 4596 430 4667 pretim
442 4604 469 4650 et
480 4592 597 4673 rursum,
608 4592 639 4648 Si
651 4608 702 4646 nen
714 4592 835 4646 venissem
847 4600 870 4645 et
882 4590 998 4661 inuentae
1009 4591 1073 4662 {irie-

191 4682 194 4687 ’
279 4702 331 4742 tem
350 4687 403 4753 eir,
420 4694 549 4755 peceatum
567 4700 619 4739 nan
637 4682 754 4739 indemni
769 4681 864 4755 (loen.
881 4682 925 4739 ts.
941 4682 995 4739 25:
1006 4681 1070 4753 di).

278 4779 329 4845 Qui
341 4777 413 4833 enim
424 4792 519 4850 expers
533 4776 601 4832 lucis
615 4776 642 4832 in
658 4775 775 4831 tenebris
786 4773 878 4839 sedet,
895 4772 1008 4847 tortasse
1022 4788 1070 4829 ιε-

278 4870 350 4925 uiant
362 4868 504 4937 impetret;
518 4868 562 4938 qui
576 4880 639 4922 nero
649 4876 709 4937 post
720 4866 788 4921 lucis
801 4864 944 4918 adrentum
955 4864 981 4917 iu
994 4870 1070 4918 tene·

276 4962 332 5017 loris
345 4958 461 5025 residet,
477 4974 610 5029 perversu
628 4964 656 5012 ct
672 4954 822 5027 peruimcis
835 4954 977 5011 uoluntatis
990 4968 1069 5023 argu·

276 5063 395 5110 mentum
416 5064 472 5123 prce
492 5067 522 5106 se
542 5049 603 5105 ieri.
628 5048 728 5104 Deinde
745 5047 806 5118 qula
827 5046 853 5101 id
874 5044 945 5118 qnod
967 5044 1068 5101 dictum

276 5148 363 5201 iuerat
373 5146 464 5201 multis
478 5140 632 5217 incredibile
645 5140 786 5195 ridebatur
803 5138 896 5210 (uento
908 5138 979 5194 enim
993 5145 1069 5192 teue-

276 5236 338 5291 irras
353 5235 405 5291 inci
422 5232 589 5304 praetulerit),
602 5246 710 5286 eartsam
724 5230 798 5301 ponit
810 5244 858 5284 eur
870 5229 910 5283 tic
922 5226 1009 5283 adecti
1022 5242 1067 5281 cs·

275 5336 343 5381 seut.
360 5326 486 5395 Quaestum
507 5326 564 5379 Ιιιεε
583 5322 645 5380 esti
664 5320 749 5376 Erant
764 5321 847 5388 eninr,
862 5320 965 5390 inquit,
980 5336 1067 5375 eorum

274 5419 343 5473 eruin
357 5432 443 5493 eperg.
458 5414 503 5471 2⁰.
519 5414 608 5471 (irrrtn'r
621 5422 703 5467 entem
723 5412 766 5481 qui
786 5409 853 5466 mole
863 5410 942 5481 [ιιιίι.
956 5409 1008 5463 edit
1023 5410 1067 5464 ln·

274 5526 344 5577 retra,
360 5520 384 5565 et
401 5508 453 5564 nert'
471 5508 538 5563 eettit
556 5506 592 5561 ed
611 5507 710 5574 iurem,
724 5512 752 5559 nt
771 5520 822 5559 tren
836 5514 975 5574 arguantur
989 5518 1067 5572 opere

262 5606 338 5673 m
436 5643 440 5651 g
1031 5603 1034 5609 .

269 5760 273 5769 .
310 5694 389 5748 Proui
404 5709 483 5747 rrrerrs
498 5692 605 5744 maxime
622 5689 734 5745 irentines
751 5687 969 5743 aCitrt'stinnitnro
989 5702 1060 5740 ‹trer-

618 302 647 357 s.
668 293 1058 374 tostnntsetnnsosrom
1073 287 1236 349 snorum.
1256 251 1526 382 constantinum

1871 295 1921 354 tet

1126 398 1195 460 'turre
1213 407 1307 462 Nullus
1319 424 1434 478 panorm
1448 424 1504 462 aero
1520 407 1610 462 rirttue
1621 407 1751 478 praeditas
1769 405 1922 478 Plrilotoplti

1128 498 1231 570 grtatiies
1240 499 1323 551 inania
1332 499 1503 569 glorioecousa
1511 499 1625 552 uirtutem
1636 499 1792 553 exercebunt.
1802 499 1922 553 —Ceite

1128 604 1182 644 non
1194 589 1228 645 ad
1240 589 1413 660 judicandum
1426 589 1470 644 vel
1482 589 1713 660 adinquirendum
1726 591 1814 656 retrit;
1828 591 1875 645 scd
1893 601 1923 645 nt

1127 681 1233 736 reniam
1246 690 1274 737 ct
1286 681 1470 738 remissionem
1484 691 1654 751 peecatorum
1667 679 1753 745 daret,
1767 693 1794 736 et
1806 680 1922 736 ssimum

1128 787 1176 843 per
1189 771 1267 826 ddem
1282 773 1432 842 largiretur.
1445 772 1498 828 (λιι
1511 787 1576 842 ergo
1589 765 1747 840 ingerunt¹i
1760 769 1824 826 Nam
1840 771 1861 825 si
1875 772 1921 842 jn-

1128 861 1263 917 dieaturus
1277 862 1303 917 in
1319 861 1442 917 tribunali
1463 862 1595 928 sedisset,
1612 857 1726 931 aliquem
1738 863 1922 917 excusationis

1127 955 1246 1010 calorem
1257 951 1424 1010 habuissent.
1438 953 1489 1022 Qui
1506 953 1579 1008 ειιῑιιι
1592 955 1722 1008 malornm
1735 953 1785 1009 siiri
1798 953 1923 1009 conscius

1128 1054 1169 1101 est
1181 1045 1317 1123 ,judicem
1332 1045 1425 1116 ingere
1445 1046 1514 1100 solet
1528 1064 1535 1100 :
1549 1047 1654 1102 reniam
1668 1055 1758 1100 autem
1770 1045 1923 1100 concedere

1130 1148 1182 1194 tem
1196 1149 1351 1208 peccatores
1367 1154 1461 1216 omues
1479 1137 1589 1193 adeunt.
1601 1136 1628 1193 Si
1645 1152 1709 1208 ergo
1722 1135 1923 1192 condonatnrns

1129 1230 1213 1296 teuit,
1227 1228 1277 1285 hos
1291 1228 1407 1286 trtaxime
1421 1243 1562 1286 accurrere
1576 1245 1625 1300 par
1639 1238 1706 1296 crat,
1720 1229 1764 1299 qni
1778 1228 1923 1286 nutritorum
1976 1286 1980 1295 ,

1128 1322 1178 1378 siiri
1194 1321 1293 1378 mttscii
1308 1331 1385 1379 erant
1400 1332 1569 1393 prouenturum
1584 1339 1591 1376 ι
1607 1321 1677 1390 uttod
1692 1321 1772 1376 etiam
1791 1319 1865 1376 ιιιιιΙιῑ
1881 1315 1923 1379 ie·
1973 1377 1976 1382 ,

1128 1423 1230 1467 cerruit.
1252 1413 1317 1468 Nam
1340 1423 1368 1468 et
1387 1414 1520 1485 publicani
1542 1423 1569 1470 et
1593 1423 1747 1483 peccateres
1764 1413 1921 1476 uenientes,

1126 1504 1266 1560 cumsiesu
1279 1503 1481 1560 accmnlteirant.
1497 1503 1565 1573 Quid
1579 1519 1643 1576 ergo
1656 1503 1705 1558 sibi
1721 1503 1778 1559 ruit
1791 1502 1873 1558 illudi
1884 1502 1923 1558 lie
1976 1559 1980 1564 ,

1127 1579 1180 1649 iilis
1192 1594 1313 1664 loquitur
1325 1595 1370 1665 qni
1389 1593 1416 1649 iu
1436 1595 1554 1666 rreqnitia
1572 1595 1682 1650 omnino
1701 1609 1860 1671 permanere
1874 1593 1924 1650 dc·

1090 1749 1100 1758 ..
1128 1694 1280 1758 creverunt.
1291 1684 1352 1756 lpse
1363 1698 1478 1755 natuque
1493 1685 1553 1740 ideo
1568 1672 1656 1752 senil,
1669 1694 1697 1740 nt
1710 1679 1799 1756 prinr'a
1813 1695 1923 1756 peccata

1128 1775 1296 1845 dimitteret,
1316 1775 1394 1831 etad
1414 1771 1503 1830 lutura
1523 1774 1641 1832 carenda
1659 1777 1839 1832 cotriirmarct.
1854 1776 1924 1846 Quia

1127 1880 1193 1932 prro
1212 1865 1319 1935 quidam
1340 1873 1403 1920 sunt
1420 1866 1456 1920 ita
1473 1865 1568 1922 molles
1582 1874 1609 1921 et
1624 1863 1744 1922 dissoluti
1764 1847 1798 1920 ad
1815 1867 1924 1921 virtutis
1979 1927 1985 1933 ,

1127 1955 1298 2013 sastirteudes
1318 1956 1442 2023 labores,
1456 1967 1486 2011 ut
1501 1957 1534 2011 ad
1546 1965 1696 2012 extremum
1711 1970 1795 2027 usque
1809 1954 1923 2011 inlitum

1128 2050 1211 2105 rciirnt
1224 2049 1250 2105 in
1265 2049 1381 2118 peccatis
1391 2048 1544 2120 persistere,
1556 2059 1584 2104 ct
1597 2064 1741 2120 numquam
1752 2047 1787 2103 ab
1800 2047 1851 2103 iliis
1860 2049 1924 2105 aas·

1129 2141 1245 2205 cedere,
1260 2139 1320 2194 ilios
1331 2135 1378 2195 ‘irie
1392 2141 1528 2195 incessere
1540 2139 1655 2195 videtur.
1669 2138 1736 2207 Quia
1756 2135 1923 2194 enint‘Citri·

1128 2229 1285 2286 stianismns
1295 2247 1357 2288 enm
1372 2241 1444 2287 reeta
1457 2230 1578 2287 doctrina
1592 2232 1703 2302 proltam
1717 2223 1798 2287 uitam
1810 2233 1921 2304 expetit,

1128 2321 1161 2375 ad
1177 2335 1226 2375 nos
1238 2321 1333 2377 renire
1345 2321 1508 2387 formidant,
1527 2322 1631 2393 inquit,
1649 2323 1710 2394 quia
1731 2323 1826 2378 notum
1840 2325 1923 2378 ritam

1128 2421 1229 2466 rectam
1247 2411 1387 2467 crlriltere.
1406 2411 1473 2468 Natu
1489 2427 1552 2468 cum
1568 2413 1615 2482 qni
1633 2413 1817 2486 ingentilium
1828 2430 1924 2472 errore

1128 2499 1210 2554 citam
1223 2500 1296 2556 ducit
1308 2516 1388 2557 nemo
1400 2501 1623 2573 reprehenderit:
1636 2502 1682 2574 qni
1693 2502 1765 2560 enim
1779 2504 1844 2561 tales
1858 2507 1926 2562 colit

1129 2588 1215 2657 dces,
1234 2592 1317 2647 testes
1328 2591 1387 2648 dies
1402 2592 1511 2663 perinde
1530 2605 1622 2665 turpes
1636 2604 1663 2649 et
1681 2593 1828 2662 ridiculos,
1842 2606 1925 2667 atquo

1129 2677 1166 2734 dii
1183 2679 1233 2749 ipsi
1247 2689 1325 2746 sunt,
1341 2681 1475 2746 celebrat,
1491 2697 1525 2736 ac
1538 2682 1617 2754 digna
1630 2682 1800 2753 dogmatibus
1812 2685 1924 2740 exltiltct

1128 2787 1227 2842 opera;
1241 2773 1286 2844 qui
1301 2787 1364 2828 rero
1381 2774 1465 2829 licum
1479 2775 1590 2842 molunt,
1605 2775 1627 2830 si
1646 2776 1764 2846 segniter
1777 2775 1886 2842 vivant,
1901 2792 1919 2832 a

1130 2863 1237 2919 nemine
1260 2877 1314 2919 non
1336 2863 1571 2934 reprehenduntur
1594 2874 1622 2921 et
1646 2875 1803 2922 accusantur
1819 2885 1826 2921 ι
1841 2875 1924 2922 tante

1128 2951 1300 3007 admirationi
1325 2953 1406 3008 etiam
1429 2954 1499 3023 aptrd
1523 2955 1646 3010 inimices
1667 2969 1731 3010 suos
1750 2968 1793 3011 est
1813 2956 1923 3012 ueritas.

1130 3041 1199 3097 i'ide
1215 3057 1281 3113 crgo
1299 3057 1379 3112 neam
1394 3052 1517 3098 accurate
1530 3042 1664 3115 loquatur.
1681 3044 1740 3099 lion
1752 3046 1823 3100 enim
1839 3047 1922 3112 dicit,

1129 3131 1174 3203 otti
1190 3146 1271 3203 prata
1285 3141 1420 3205 operetur,
1436 3148 1488 3190 non
1504 3135 1577 3190 uenit
1589 3134 1622 3190 ad
1638 3133 1742 3203 iueem;
1758 3123 1816 3199 sed,
1830 3135 1879 3203 Qui
1897 3137 1923 3191 in

1128 3225 1207 3281 maiis
1220 3233 1392 3295 perseveram
1406 3225 1432 3280 id
1446 3233 1505 3293 est,
1518 3225 1569 3293 Qui
1587 3225 1643 3280 ruit
1656 3240 1764 3296 semper
1778 3227 1804 3281 in
1820 3230 1923 3297 peccati
1975 3212 1979 3218 ’

1128 3332 1207 3377 eoeno
1226 3318 1358 3384 coloceri,
1378 3334 1431 3373 non
1451 3319 1508 3373 nult
1522 3333 1551 3373 se
1566 3318 1669 3385 legions
1688 3320 1756 3374 meis
1771 3319 1923 3390 subiissem

1129 3411 1176 3467 sed
1187 3417 1262 3467 extra
1276 3392 1387 3465 manens
1401 3408 1483 3465 liitere
1497 3406 1655 3477 fornicatur,
1668 3419 1820 3481 caeteraque
1829 3413 1923 3470 orttaia

1129 3503 1263 3573 paronibita
1283 3502 1447 3571 exsequitur.
1470 3501 1527 3557 line
1540 3502 1611 3556 enim
1626 3517 1655 3557 se
1669 3502 1830 3570 conterens,
1846 3506 1923 3573 quasi

1129 3594 1172 3650 inr
1187 3596 1213 3649 i'u
1228 3594 1304 3658 luce,
1318 3592 1408 3647 statim
1423 3592 1582 3650 maniicstus
1597 3592 1724 3649 redditur.
1744 3594 1859 3668 ideoque
1872 3595 1923 3648 im„
1982 3652 1985 3657 Δ

1128 3687 1232 3756 perium
1247 3684 1312 3756 ingit
1325 3700 1424 3739 ntenm.
1439 3682 1520 3740 Certe
1536 3683 1634 3739 multos
1647 3686 1787 3754 gentilium
1801 3685 1924 3742 dicentes

1128 3779 1268 3840 audimus,
1282 3792 1314 3833 se
1326 3776 1388 3831 ideo
1399 3792 1453 3830 non
1473 3776 1600 3847 possead
1615 3777 1693 3833 iidem
1709 3787 1828 3833 nostram
1843 3794 1923 3836 stoce-

1128 3868 1208 3931 dere,
1222 3867 1293 3935 qttod
1314 3882 1365 3920 non
1384 3876 1495 3935 possent
1513 3866 1547 3921 air
1566 3865 1711 3933 ebrietate,
1727 3867 1921 3938 inculcatione,

1127 3961 1285 4027 mterisnne
1298 3956 1450 4028 lmjusntodi
1459 3957 1534 4013 'vitiis
1545 3959 1692 4015 abstinere.
1704 3960 1773 4027 Quid
1786 3963 1867 4032 ergo?
1882 3965 1910 4017 in

1127 4051 1204 4119 quies
1224 4066 1231 4099 s
1251 4065 1341 4103 aunon
1361 4058 1424 4104 sunt
1442 4049 1585 4127 Christiani
1602 4065 1660 4105 ›ttou
1681 4052 1800 4107 melioris
1819 4055 1921 4124 leugis,

1127 4155 1216 4195 annon
1229 4150 1258 4200 et
1268 4140 1382 4211 gentiles
1401 4140 1585 4211 pitiioseplriec
1602 4139 1740 4210 nitentes?
1753 4140 1921 4203 Christianos

1127 4245 1187 4287 csse
1199 4232 1244 4303 quai
1258 4231 1328 4285 araia
1342 4239 1505 4300 perpetrent,
1521 4246 1572 4301 ego
1583 4246 1690 4302 quoque
1704 4231 1764 4285 notri
1777 4250 1783 4286 :
1798 4249 1860 4287 num
1873 4250 1923 4287 an·

1127 4330 1180 4377 tem
1201 4322 1314 4394 gentiles
1333 4321 1386 4377 sint
1408 4322 1453 4390 nui
1475 4322 1585 4390 prolem
1598 4320 1697 4377 ducant
1712 4324 1810 4388 titum,
1825 4322 1851 4377 id
1866 4340 1920 4383 troc

1127 4412 1238 4483 perinde
1251 4422 1343 4467 utrium
1357 4410 1433 4466 milti.
1448 4411 1486 4467 Ne
1501 4412 1565 4466 ntilti
1580 4413 1640 4467 iilos
1652 4412 1763 4483 oirjieias
1773 4415 1817 4485 qui
1827 4430 1860 4469 cx
1871 4430 1922 4481 na-

1126 4510 1185 4560 tura
1195 4519 1243 4559 stra
1255 4504 1367 4559 modesti
1379 4501 1519 4582 ornatique
1530 4514 1592 4557 sunt
1605 4522 1612 4557 :
1626 4503 1677 4559 ltoc
1686 4505 1756 4559 enim
1768 4506 1853 4560 uirtus
1865 4522 1921 4561 tum

1126 4606 1182 4661 est;
1197 4595 1252 4661 sed.
1262 4595 1322 4650 illos
1336 4592 1451 4659 aderas,
1466 4594 1511 4663 spui
1524 4594 1664 4651 affectibus
1677 4595 1850 4651 teltementer
1863 4607 1919 4651 tra.

1126 4686 1234 4749 luuntur,
1245 4693 1371 4740 ettamen
1382 4682 1613 4754 philosophantur.
1626 4684 1660 4739 At
1670 4696 1743 4739 certe
1753 4701 1806 4739 non
1819 4667 1920 4756 possis.

1124 4777 1191 4834 Nam
1202 4777 1226 4833 si
1239 4776 1313 4846 regni
1326 4775 1478 4847 prorutissin,
1490 4774 1621 4845 gehennae
1634 4776 1816 4836 comminatio,
1829 4779 1919 4831 atalia

1125 4866 1276 4938 hujusmodi
1291 4867 1336 4921 trix
1347 4864 1470 4922 loomines
1484 4868 1509 4920 in
1523 4865 1629 4920 uirtutis
1639 4866 1768 4934 exercitio
1781 4866 1918 4922 retinent:
1969 4936 1976 4947 .

1124 4960 1204 5031 longe
1214 4958 1350 5015 dilitciiius
1363 4958 1434 5012 iliam
1447 4957 1610 5013 crcrceinrnt
1620 4956 1666 5027 qui
1677 4957 1744 5013 niitil
1755 4973 1848 5012 eorum
1859 4973 1920 5011 ere·

1123 5053 1199 5110 dunt.
1215 5052 1292 5119 Quod
1309 5051 1331 5107 si
1345 5050 1453 5123 quidam
1471 5050 1594 5106 virtutem
1613 5050 1755 5114 sinntiettt,
1779 5049 1805 5104 id
1823 5048 1919 5124 glorim

1123 5162 1204 5203 causa
1217 5145 1334 5212 iaciunt;
1347 5144 1393 5215 qni
1405 5154 1494 5199 antem
1507 5158 1582 5198 nana
1595 5142 1687 5213 gloriae
1697 5157 1776 5197 cansa
1790 5136 1917 5197 tirtttte'm

1122 5246 1262 5303 exercent,
1277 5237 1321 5293 niti
1338 5238 1422 5293 latere
1437 5220 1572 5305 poterum,
1586 5249 1639 5289 trun
1652 5249 1668 5288 a
1682 5234 1771 5303 pranis
1785 5232 1918 5305 cupidita-

1123 5330 1193 5385 tilrus
1211 5328 1392 5383 altstineltunt.
1414 5324 1513 5383 teron
1533 5338 1568 5380 tte
1585 5323 1744 5379 contentiosi
1764 5322 1916 5391 videamur,

1121 5422 1300 5493 concedamus
1318 5419 1388 5493 apud
1409 5418 1523 5490 gentiles
1544 5430 1606 5473 esse
1625 5414 1755 5488 quosdam
1777 5414 1821 5487 anri
1841 5424 1918 5471 reete

1122 5516 1211 5570 ritant
1230 5531 1237 5569 ι
1258 5511 1324 5568 nihii
1346 5510 1417 5567 enirn
1441 5508 1493 5566 lroc
1513 5506 1592 5564 dictis
1614 5508 1713 5564 nostris
1732 5498 1824 5588 oiireit.
1847 5504 1915 5561 Nam

1155 5694 1162 5726 ¹
1183 5692 1274 5753 ttorei,
1287 5694 1399 5757 [rmernrtt
1410 5688 1483 5755 igitur
1494 5688 1528 5740 ad
1538 5686 1757 5753 undamentum.
1836 5676 1840 5683 ’
