4084 6350
231 277 252 335 r
961 263 1144 330 suasano
1863 269 1882 348 ‘r

234 389 451 475 Coneionlbus
465 388 498 452 in
514 387 592 452 hela
607 385 835 467 Apostolorum
850 384 1037 448 intorserit:
1054 386 1204 450 Romilia
1214 388 1250 450 iu
1263 385 1342 452 Aeta
1355 387 1589 472 quinquaqinta
1599 401 1692 466 sunt,
1708 401 1737 458 et
1749 413 1808 478 per
1820 395 1882 462 lu-

235 479 357 550 teqrum
368 471 431 551 {ere
445 486 562 531 aunum
572 475 647 528 runt
662 465 775 529 hahita
785 487 796 526 .·
807 483 903 606 ιιιὲικ
914 465 997 527 rur'm
1009 467 1171 547 quotidie,
1188 467 1241 529 red
1255 469 1365 548 quinta
1381 487 1503 550 quaque
1518 470 1583 540 die,
1600 473 1648 536 uel
1660 477 1790 555 septime
1807 522 1816 547 ,
1831 479 1881 542 cel

236 549 379 617 tardius,
393 549 466 612 illas
483 545 701 610 concionando
757 545 838 626 osere
859 551 904 606 at.
916 545 1122 626 Declarotque
1135 546 1201 626 ipse
1214 546 1288 609 illas
1301 567 1348 617 se,
1365 566 1433 610 cum
1448 549 1552 612 orchis
1575 550 1738 633 iseopatus
1752 557 1881 620 ratim

200 675 203 682 .
232 636 477 706 onnunaqeret,
489 626 695 706 adpopulum
766 624 860 686 uisse.
871 623 1030 688 Hamillus
1044 641 1116 687 uero
1128 625 1163 687 in
1176 625 1318 688 Genesim
1330 645 1391 708 quo
1405 635 1540 708 tempore
1593 628 1880 698 hrremtseireuorr-

232 707 307 768 dum
315 707 480 785 potuimus
490 727 502 767 .·
511 707 665 769 incertum
677 704 791 784 quippe
805 710 849 765 est
863 721 905 766 uu
918 704 954 766 iu
967 703 1116 784 oiqeu‘rna
1129 711 1241 768 octaua
1254 705 1327 768 illas
1340 723 1512 769 munerare
1522 709 1608 778 uelit,
1624 717 1701 790 quos
1717 714 1812 776 tertio
1826 733 1879 777 ar-

232 785 481 877 chiepiscopatus
495 788 546 847 sui
559 802 642 847 auno
655 782 787 853 hahuit,
801 800 844 845 au
858 782 949 846 alias.
966 783 1077 846 Palam
1095 790 1157 853 est,
1173 801 1241 846 cum
1253 784 1309 847 has
1324 785 1415 848 etiam
1434 805 1504 848 eum
1525 787 1781 872 archiepiscopus
1802 802 1878 856 esset

232 882 455 946 composuisse:
467 863 585 944 uiqintr'
597 870 714 944 reptent
725 880 845 943 stampe,
862 863 897 925 iu
909 862 1146 944 quadraqesirna
1160 863 1291 927 secundi
1306 863 1606 946 (archiepiscopatus
1618 869 1671 930 sui
1672 875 1681 940 l
1696 871 1787 938 anni,
1799 873 1880 935 reti-

231 962 310 1024 quas
322 943 589 1023 auteminquurto
603 943 867 1022 auaa.doqurstio
881 941 947 1022 ejus
959 960 1030 1003 oum
1041 941 1136 1004 salita
1148 941 1293 1005 claritate
1305 943 1505 1024 puritateque
1516 944 1713 1026 splendorem
1720 950 1880 1030 profluen-

232 1025 367 1103 tiomque
380 1021 518 1088 sonitu.
533 1021 734 1102 conjunctam
749 1039 819 1083 cum
832 1019 1151 1090 sensuumuhertate,
1167 1029 1198 1082 et
1211 1023 1368 1084 concinna
1385 1024 1594 1102 exemplorum
1617 1027 1719 1105 copia.
1735 1029 1880 1110 laterior

232 1109 334 1163 tamen
347 1108 392 1163 est
405 1102 439 1165 H
442 1101 606 1163 amiticia
618 1101 706 1169 Acta,
721 1100 762 1163 ad
775 1099 972 1162 humiliorem
983 1099 1145 1162 declinans
1155 1099 1335 1168 dictionem:
1348 1109 1498 1182 tantoque
1509 1104 1623 1182 spatio,
1636 1115 1754 1183 quanto
1766 1107 1828 1178 hae
1841 1108 1877 1169 iu

233 1183 315 1244 Acta
330 1198 426 1261 opera
448 1180 683 1243 Comnreutariis
698 1181 733 1243 iu
748 1178 891 1240 Psalmos
904 1186 933 1239 et
950 1179 985 1240 iu
999 1176 1147 1257 Apostoli
1160 1177 1326 1257 Epistolas
1340 1179 1478 1262 inferior
1491 1191 1547 1243 est.
1561 1182 1636 1249 Hauc
1650 1185 1802 1259 Photius,
1818 1189 1875 1266 qul

231 1261 266 1322 iu
286 1277 422 1322 nurnero
440 1259 641 1329 concionum
656 1260 689 1320 in
706 1261 784 1321 Acta
804 1263 911 1328 errat,
927 1257 1143 1336 quadraginta
1157 1261 1283 1319 tantum
1303 1277 1375 1320 esse
1398 1259 1526 1334 dicens,
1542 1279 1615 1323 curn
1638 1265 1876 1345 quinquaginta

230 1340 378 1478 quinque
392 1356 529 1401 numero
543 1339 619 1411 sint,
635 1343 672 1399 ut
684 1337 781 1400 etiam
795 1336 1011 1397 llomiliarum
1022 1335 1057 1396 iu
1073 1335 1221 1398 Genesim
1237 1355 1409 1400 numerum
1425 1355 1490 1400 non
1504 1346 1654 1403 accurate
1669 1343 1797 1417 retollt3
1813 1345 1876 1408 nisi

243 1418 375 1480 ortassis
389 1418 506 1482 menda
520 1419 554 1479 in
568 1417 637 1496 ejus
649 1415 848 1493 excorplaria
864 1415 1066 1492 irrepserint,
1083 1415 1168 1492 quod
1184 1415 1309 1478 facilins
1324 1424 1372 1478 est
1385 1435 1458 1479 cum
1476 1419 1553 1482 anui
1568 1423 1788 1484 numeralibus
1803 1424 1876 1486 lite-

229 1497 276 1559 ris
292 1502 458 1560 nomntur.
474 1498 584 1576 Neque
600 1495 722 1556 lelicius
735 1493 877 1572 procedit
887 1511 960 1555 cum
971 1492 1032 1566 ait,
1048 1493 1204 1556 Homillas
1214 1495 1249 1555 in
1263 1497 1413 1558 Genesim
1426 1497 1553 1560 habitas
1570 1497 1669 1560 luisse
1684 1499 1875 1564 Constanti-

230 1577 361 1656 nopoli,
376 1581 499 1655 partem
512 1574 634 1637 scilicet
646 1590 759 1635 carum
773 1589 861 1634 anno
875 1572 1172 1652 archiepiscopatus
1187 1573 1407 1655 chrysostomi
1421 1579 1563 1639 secundo
1578 1621 1587 1650 ,
1602 1583 1635 1639 et
1649 1585 1773 1656 partem
1787 1599 1874 1646 auno

131 1662 136 1676 '
230 1661 360 1732 quarto.
375 1655 504 1718 Certum
516 1654 636 1733 quippe
649 1656 698 1713 est
711 1651 870 1713 llomllias
884 1651 915 1711 in
932 1650 1083 1713 Genesim
1103 1653 1301 1729 Antiochia,
1317 1673 1392 1717 cnm
1409 1656 1514 1718 adhuc
1530 1656 1779 1737 chrysostomus
1795 1679 1876 1739 prc-

194 1801 198 1808 ,
231 1737 341 1816 sbyter
354 1740 457 1810 essct,
470 1734 571 1796 dictas
584 1732 684 1794 luisse
696 1775 704 1804 ,
718 1736 754 1792 ut
769 1731 803 1791 in
820 1729 1009 1792 Praelationc
1023 1730 1064 1792 ad
1078 1731 1234 1795 llomillas
1258 1733 1290 1794 iu
1314 1734 1464 1796 Genesim
1489 1736 1708 1814 probavimus.
1725 1739 1816 1814 Quod
1835 1740 1874 1802 de

230 1816 316 1894 stylo
326 1815 383 1888 ait,
395 1833 468 1877 cum
480 1813 601 1876 scilieet
613 1811 827 1874 Homiliarum
841 1811 875 1870 in
890 1811 968 1872 heta
982 1809 1155 1873 dictionem
1173 1811 1301 1890 praelert
1314 1813 1529 1876 Humiliarum
1544 1817 1578 1876 iu
1594 1815 1742 1878 Genesim
1757 1818 1875 1898 loquu-

229 1893 330 1966 tioni,
345 1894 455 1956 neseio
469 1910 512 1955 an
527 1893 565 1954 iis
580 1891 742 1963 omnibns,
757 1889 813 1968 qui
830 1890 948 1970 stylum
961 1889 1130 1968 utriusque
1145 1891 1251 1969 operis
1267 1892 1413 1955 conterre
1428 1893 1599 1968 voluerint,
1611 1895 1804 1974 placiturum
1820 1900 1873 1960 sit.

229 1972 424 2051 Certumque
437 1980 486 2034 est
496 1973 530 2034 in
541 1976 678 2050 utroque
689 1987 787 2050 opere
798 1968 1191 2048 chrysostomumasolita
1208 1972 1393 2048 eloquentia
1409 1990 1476 2034 uon
1492 1989 1606 2051 parum
1621 1973 1874 2040 dellcctere.Utri

230 2057 339 2115 autem
348 2053 439 2132 operi
455 2051 508 2114 bic
523 2069 633 2114 navus
647 2049 750 2130 magis
763 2048 902 2112 adscribi
914 2048 1040 2123 debeat,
1049 2049 1237 2112 examinare
1253 2067 1317 2111 nou
1332 2067 1486 2131 magunm
1493 2069 1601 2130 operte
1616 2054 1753 2132 pretium
1765 2054 1872 2120 luerit.

203 2203 213 2235 ,
290 2153 354 2216 Cur
367 2153 516 2217 Humilia
531 2152 567 2215 iu
583 2152 663 2215 Aeta
678 2150 844 2214 humiliore
858 2151 940 2232 styla
956 2149 1139 2231 conscripta
1153 2149 1338 2222 uideantur,
1354 2171 1446 2234 quarn
1460 2162 1575 2216 catera
1584 2154 1812 2235 chrysostomi.

201 2259 206 2272 '
270 2257 324 2319 llil
341 2255 471 2318 Photins
492 2253 686 2325 conciones,
710 2268 793 2332 quas
822 2250 1001 2314 Antiochia
1024 2252 1138 2315 habuit
1156 2250 1425 2332 chrysostomus,
1448 2253 1630 2318 ornatiores
1653 2255 1873 2338 cultioresquo

230 2353 302 2398 esse
324 2336 387 2397 illis
404 2353 487 2413 equas
502 2332 783 2411 Constantinopoli
806 2330 1038 2409 pronuntiavit.
1060 2330 1151 2406 Quod
1167 2336 1204 2392 nt
1223 2331 1396 2410 plurimum
1415 2351 1528 2396 verum
1551 2353 1622 2398 esse
1636 2334 1799 2398 latendum
1811 2343 1871 2400 est.

230 2416 316 2478 Cave
330 2420 437 2476 tamen
451 2413 512 2474 hoc
523 2413 643 2474 dictum
656 2429 716 2492 pro
735 2427 849 2472 norma
864 2410 996 2482 babeas,
1009 2415 1052 2472 et·
1062 2411 1137 2472 binc
1150 2411 1442 2490 semperjndicium
1456 2411 1620 2476 terendum
1635 2431 1779 2476 censeas.
1794 2417 1873 2479 Nam

230 2496 257 2556 is
269 2495 338 2573 ipso
360 2491 503 2565 Photins,
514 2491 570 2570 qui
582 2492 667 2554 hanc
679 2489 788 2570 posuit
804 2493 971 2557 tesseram,
984 2489 1140 2552 Homillas
1154 2488 1189 2550 in
1203 2490 1354 2553 Genesim
1368 2492 1452 2552 inter
1464 2492 1635 2556 incultiora
1653 2492 1871 2574 chrysostomi

229 2574 476 2714 llirciiih‘ii’
490 2565 1873 2714 tratti*titttltttitatttitltttttitnttttttttltttrinitati

132 2763 140 2776 ·
186 2739 192 2752 ‘
230 2732 340 2793 cinnes
352 2670 512 2811 nempeyin
525 2729 617 2801 Acta,
627 2695 700 2807 uum
709 2691 987 2818 Constantinopoli
1000 2726 1093 2789 dicta
1105 2727 1303 2799 luere,inter
1311 2667 1489 2808 jujuniores
1501 2668 1872 2809 uumiucouesqeue’qouud

228 2827 381 2890 magnam
399 2809 453 2872 sui
475 2813 600 2888 partem
613 2804 845 2885 computandas
860 2823 955 2867 esse:
978 2805 1009 2866 id
1031 2823 1108 2868 vcro
1131 2806 1207 2868 hinc
1222 2805 1369 2876 evenisse
1388 2813 1533 2886 putatur,
1551 2809 1638 2886 quod
1655 2810 1873 2888 imperatoria

208 2892 320 2950 urbis
343 2889 463 2968 praesul
482 2887 675 2950 constitutus
687 2885 934 2966 chrysostomus
955 2889 987 2944 ct
1008 2885 1310 2976 negotiorumque
1325 2890 1421 2948 lanta
1441 2887 1578 2968 civitatis
1590 2905 1672 2952 cura
1693 2887 1870 2963 atterebat,

229 2969 315 3030 mole
330 2971 465 3030 obrutus
479 3013 487 3041 ,
503 2963 656 3028 ornandis
675 2963 896 3044 poliendisqne
915 2963 1125 3026 concionibus
1145 2965 1283 3042 spatium
1299 2982 1364 3026 non
1382 2966 1530 3028 habuerit
1545 2986 1553 3026 ι
1568 2969 1708 3029 maxime
1722 2985 1799 3029 vero
1813 2986 1872 3030 an·

229 3050 281 3110 nis
303 3047 364 3108 tae
377 3051 419 3108 ct·
429 3045 484 3106 h01
490 3091 499 3135 2
511 3044 603 3124 queis
612 3045 745 3108 'habitas
768 3048 919 3136 putamus
935 3043 1032 3104 hasce
1046 3043 1208 3114 homilias,
1223 3049 1258 3105 ut
1273 3059 1350 3104 mox
1368 3044 1503 3106 dicetur.
1514 3047 1606 3107 Tunc
1624 3046 1711 3107 enim
1722 3047 1827 3110 Gaina
1840 3053 1873 3109 et

230 3128 342 3190 Gothis
358 3125 497 3191 tumultu
513 3124 622 3189 omnia
644 3123 863 3203 replentibus,
878 3121 1139 3201 chrysostomus,
1156 3122 1211 3201 qui
1225 3139 1338 3185 eorum
1360 3124 1528 3187 conatibus
1546 3140 1609 3204 pro
1632 3125 1715 3189 virili
1732 3127 1873 3189 obsiste-

229 3209 296 3282 bat,
312 3207 420 3269 minus
431 3222 537 3300 operae
549 3203 745 3267 adornandis
758 3201 968 3265 concionibus
984 3201 1147 3264 insumere
1158 3203 1295 3274 valebat,
1312 3220 1373 3265 nec
1386 3204 1504 3265 mirum
1516 3203 1544 3267 si
1559 3205 1731 3285 praepedito
1740 3211 1872 3269 lotaru-

227 3288 336 3366 iisque
355 3286 494 3365 negotiis
516 3284 658 3355 artilice,
674 3281 921 3344 tununltnarium
938 3280 1060 3360 aliquid
1078 3282 1109 3342 in
1130 3280 1191 3343 hoc
1211 3298 1309 3360 opere
1331 3282 1599 3361 deprehendatur.
1620 3284 1691 3347 ntia
1706 3301 1783 3349 vero
1800 3302 1873 3364 per·

183 3420 187 3427 .
229 3366 334 3446 plexa
348 3369 380 3427 ct
398 3364 564 3426 nonnullis
581 3364 615 3423 iu
629 3362 708 3423 locis
728 3360 843 3423 hiulca
865 3360 960 3422 seriei
981 3377 1079 3423 causa
1096 3377 1162 3421 non
1177 3361 1235 3422 abs
1250 3378 1284 3422 re
1299 3359 1443 3433 affertur,
1466 3362 1551 3441 quod
1566 3362 1713 3425 videlicet
1736 3364 1871 3435 librarii,

229 3446 287 3525 qui
297 3445 381 3507 dicta
396 3444 498 3505 sancti
512 3441 650 3504 doctoris
664 3440 863 3521 excipientes
877 3438 1116 3511 describebant,
1129 3440 1163 3499 iu
1177 3439 1394 3503 tumultuariis
1408 3441 1484 3514 illis,
1498 3446 1530 3504 et
1550 3459 1592 3502 ex
1605 3446 1748 3521 tempore
1764 3444 1873 3520 prola-

229 3528 272 3586 tis
287 3524 479 3585 concionum
498 3521 655 3600 partibus,
667 3520 723 3582 alii
741 3519 826 3581 aliud
841 3518 1092 3580 conscriberent.
1101 3520 1183 3580 Hinc
1197 3518 1388 3581 hauddubie
1402 3524 1472 3582 orta
1485 3525 1535 3582 est
1548 3520 1603 3583 illa
1616 3526 1704 3583 tanta
1717 3522 1871 3595 varietas,

231 3621 304 3683 quae
326 3603 360 3663 in
385 3600 554 3663 codicibus
574 3599 633 3661 has
655 3598 806 3661 homilias
821 3596 1027 3659 ellorcutibus
1052 3599 1255 3659 observatur.
1272 3598 1310 3659 Ut
1323 3599 1409 3659 enim
1425 3599 1458 3659 in
1473 3598 1536 3661 ima
1558 3600 1676 3679 pagina
1699 3598 1871 3679 aliquoties

230 3682 528 3753 monuimus‚tanta
545 3679 577 3739 in
588 3678 816 3757 blanuscriptis
829 3676 1155 3739 occurritleetionum
1172 3676 1398 3750 diversitas,ut
1409 3678 1435 3737 si
1451 3678 1559 3740 omnia
1574 3679 1871 3757 exscripsissemus,
1919 3742 1922 3749 ,

166 3774 173 3787 “
230 3778 350 3823 novam
360 3760 480 3822 scriem
494 3757 702 3820 concionibus
717 3754 918 3837 longitudine
932 3773 1014 3835 pene
1032 3772 1142 3834 parem
1156 3756 1395 3828 attulissemus;
1411 3756 1507 3835 idque
1523 3758 1612 3818 nullo
1628 3757 1744 3820 fructu.
1759 3758 1873 3819 Varie·

229 3845 313 3903 tates
336 3840 421 3901 enim
441 3838 504 3901 illm
517 3842 582 3899 tam
601 3836 647 3898 ire
672 3842 804 3910 nentes,
825 3834 876 3897 val
897 3834 1044 3896 ordinem
1054 3837 1233 3897 verborum
1272 3835 1399 3897 eriodos
1422 3836 1686 3897 constituentium
1709 3837 1872 3899 diversum

231 3918 372 3983 ellerunt
390 3914 602 3989 solummodo,
620 3853 670 3978 vau
688 3930 885 4007 synonymae
904 3914 1230 3992 vocessnppeditant.
1244 3854 1355 3993 uisque
1374 3915 1503 3977 animus
1516 3920 1586 3977 erat
1602 3920 1725 3983 tantam
1736 3933 1873 3995 operum

230 3997 449 4141 Cpfflwsmmi
464 3994 593 4072 molem,
605 4002 762 4076 quantam
778 3998 972 4074 scriptorum
988 3993 1097 4056 nullus
1109 4008 1265 4073 umquam
1276 3992 1511 4073 suppeditavit,
1522 3993 1696 4074 superfluis
1709 3996 1874 4059 accessio·

231 4097 266 4141 ιιι
313 4096 385 4141 sau
409 4094 474 4139 ere.
893 4116 897 4121 -
1544 4112 1547 4119 ·

271 4158 377 4221 Unum
388 4096 497 4218 grestat
511 4152 758 4234 explorandum,
774 4170 832 4217 cur
850 4170 965 4233 nempe
980 4140 1125 4215 Ioannes
1144 4157 1254 4215 noster
1267 4152 1469 4214 inomnibus
1479 4134 1592 4214 lorcin
1609 4152 1872 4217 heta-concioni·

230 4239 306 4311 bus,
321 4242 493 4315 postquam
506 4222 580 4296 libri
597 4232 772 4299 versiculos
786 4232 1007 4311 explanandos
1022 4231 1157 4311 protulit
1170 4248 1208 4293 ac
1229 4232 1317 4295 brevi
1338 4232 1602 4309 interpretatione
1614 4231 1758 4303 donavit,
1774 4232 1873 4294 aliam

230 4316 387 4395 illamque
416 4316 545 4376 brevem
560 4313 746 4375 eorumdem
762 4313 997 4375 uersiculorum
1013 4310 1263 4389 explicationem
1286 4328 1326 4391 ag
1349 4310 1502 4381 rediatur,
1517 4310 1578 4372 hoc
1600 4312 1651 4373 vel
1662 4311 1762 4373 simili
1785 4326 1873 4389 prse-

230 4394 331 4457 misso
344 4394 440 4465 dicto,
457 4391 510 4453 sed
522 4391 668 4472 superius
681 4391 768 4453 dicto
781 4399 978 4531 regyratum:
995 4389 1028 4449 id
1044 4390 1130 4468 quod
1149 4390 1182 4451 in
1196 4389 1270 4453 aliis
1289 4328 1387 4453 naulis
1402 4387 1470 4468 eq'us
1484 4390 1524 4449 in'
1534 4388 1731 4468 scripturam
1740 4402 1872 4451 sacram

232 4470 477 4536 Commentariis
495 4472 699 4535 observatur.
720 4471 794 4549 lpse
848 4474 951 4533 rtassc
967 4468 1215 4547 chrysostomus
1238 4468 1336 4549 hujus
1358 4468 1518 4531 soluendae
1535 4470 1723 4546 qrrmstionis
1743 4468 1873 4529 ιιιοάιιιιι

232 4550 502 4620 subministravit,
523 4550 701 4629 duaudoin
709 4550 829 4629 primm
843 4549 1008 4631 concionis
1024 4548 1184 4627 principio
1198 4548 1255 4621 ait,
1273 4552 1426 4609 Aetern-
1447 4548 1567 4609 librum
1585 4547 1629 4609 lta
1650 4549 1794 4627 ignomin
1815 4562 1873 4608 au·

232 4633 374 4694 diturum
388 4631 553 4711 plerisque
574 4647 658 4700 esse,
677 4635 713 4689 ut
728 4646 768 4690 ne
783 4628 912 4706 quidem
928 4628 1080 4690 noverint
1093 4644 1135 4691 an
1151 4630 1267 4699 exstet,
1280 4632 1312 4687 et
1332 4642 1373 4688 an
1388 4626 1434 4688 ita
1446 4624 1607 4704 pretiosus
1625 4627 1806 4689 liberinter
1818 4624 1874 4685 lli-

231 4713 334 4776 blicos
349 4706 600 4790 compareat·.llt
620 4708 718 4787 igitnr
733 4707 833 4786 ignoti
849 4712 945 4769 antea
956 4705 1039 4767 ,libri
1057 4706 1237 4784 pleniorem
1254 4705 1400 4767 notitiam
1425 4704 1712 4784 inculcaret‚·post
1733 4706 1874 4785 priorem

233 4790 509 4871 explanationem,
524 4788 660 4849 alteram
683 4784 852 4865 adjecerit3
868 4784 953 4864 quod
970 4785 1190 4864 extcmporale
1209 4784 1460 4847 additamentum
1482 4784 1875 4923 plerumqueintrioatum

232 4878 266 4934 et
288 4882 535 4946 nonnumquam
553 4866 696 4927 hiulcum
717 4870 776 4926 est.
790 4865 865 4927 llaec
888 4863 1060 4943 enimstyli
1083 4863 1325 4943 perplexitasin
1342 4864 1391 4925 his
1412 4863 1553 4923 maxime
1569 4863 1608 4925 ad
1630 4864 1794 4925 itameutis
1810 4863 1876 4923 ob-

232 4955 393 5014 servatur.
412 4948 492 5009 Nam
507 4944 618 5016 ethica,
631 4951 662 5005 et
682 4960 721 5005 ea
740 4961 813 5023 quse
828 4943 867 5005 ad
883 4960 988 5004 mores
1005 4942 1225 5003 informandos
1237 4951 1312 5021 post
1331 4941 1547 5003 additamenta
1565 4947 1759 5021 sequuntur,
1778 4958 1875 5003 suam

232 5046 363 5108 semper
382 5031 515 5091 servant
534 5023 733 5103 dignitatem,
756 5030 788 5085 et
808 5040 884 5086 vere
899 5022 1122 5101 chrysostomi
1147 5019 1366 5099 eloquentiam
1383 5019 1613 5103 utplurimum
1631 5022 1744 5085 saltem
1760 5038 1828 5101 prae
1843 5038 1877 5081 se

231 5107 352 5173 ‘emm'
644 5182 713 5260 Quo
722 5206 725 5210 ²
734 5200 818 5245 uuna
831 5182 878 5245 lta
893 5180 1021 5245 indata
1034 5178 1184 5242 Humilia
1193 5178 1307 5245 hahita
1318 5178 1457 5262 ,paeana
1579 5174 1581 5181 ¹

274 5294 288 5356 l
312 5309 348 5354 so
368 5292 596 5374 chrysostomo
610 5287 690 5350 duee
709 5291 741 5349 et
756 5285 862 5346 locum
878 5288 910 5345 et
921 5296 1045 5344 annum
1061 5280 1249 5354 statuimus,
1267 5296 1333 5357 quo
1348 5280 1407 5343 has
1421 5277 1729 5341 concioneshabnit.
1745 5279 1815 5341 Non
1827 5294 1890 5369 sc·⁸
1922 5334 1933 5363 ,

233 5312 406 5436 mesenam
421 5372 540 5433 suffigat
560 5370 793 5447 50,.0piseopum
808 5368 838 5424 et
855 5363 889 5423 in
904 5358 1078 5439 episcopali
1091 5361 1177 5421 sollo
1193 5360 1355 5423 sedentem
1369 5358 1555 5421 concionari
1572 5378 1580 5418 ι
1596 5357 1877 5434 indubitatumque

234 5460 283 5515 est
296 5450 624 5515 hasce-concionesiin
634 5439 1005 5521 constantinopolitanis
1024 5450 1199 5501 censendas
1213 5456 1295 5500 esse.
1309 5438 1429 5500 Habuit
1442 5442 1550 5499 autem
1564 5437 1635 5499 illas
1647 5452 1735 5497 anno
1744 5436 1879 5513 episco-
1931 5468 1934 5474 ·

227 5578 232 5585 .
258 5538 331 5594 atus
350 5531 400 5593 sui
416 5530 511 5592 tertio
534 5535 570 5591 ut
585 5526 773 5590 testificatur
788 5522 842 5582 ille
856 5519 996 5581 Homilia
1006 5517 1254 5597 quadragesima
1269 5522 1385 5595 quarta
1396 5517 1456 5579 col.
1474 5516 1553 5577 ata:
1570 5516 1655 5577 Eece
1671 5532 1730 5593 per
1744 5515 1880 5593 qratiam

236 5552 296 5677 ulei
308 5628 367 5672 uos
379 5610 554 5673 triennium
560 5607 629 5688 jam
642 5603 794 5669 hahemus,
808 5618 874 5661 non
894 5598 1015 5679 quidem
1029 5606 1120 5657 nocte
1134 5608 1161 5658 et
1179 5596 1231 5657 die
1245 5595 1414 5665 hortantes,
1430 5595 1483 5656 sed
1492 5600 1565 5674 post
1579 5602 1641 5655 tres
1650 5611 1729 5671 sape
1740 5594 1816 5660 diss,
1831 5590 1880 5653 oet

234 5699 309 5772 post
323 5710 355 5750 se
379 5698 439 5751 tem
449 5689 507 5750 hoc
515 5689 675 5769 facientes.
689 5682 748 5744 Ubi
763 5681 914 5741 observes
929 5677 1019 5769 illud,
1033 5676 1203 5768 triennium
1216 5674 1370 5765 hahentes,
1388 5677 1414 5736 si
1438 5675 1562 5736 literam
1577 5673 1737 5750 sequaris,
1750 5670 1881 5752 siguifi-

236 5786 313 5837 care
324 5710 589 5853 curysostornuru
604 5766 636 5826 ln
650 5764 836 5843 episcopatu
848 5759 915 5838 jam
930 5761 1107 5818 trienninm
1122 5772 1289 5817 emensum
1305 5752 1415 5831 luisse,
1432 5752 1563 5835 quando
1576 5751 1618 5815 ad
1634 5752 1718 5814 hane
1738 5750 1880 5833 quadra·
