4084 6350
230 341 264 395 'll
963 343 1156 404 baenilia.
1837 357 1871 413 lb

233 456 280 594 {tii
299 471 337 517 ea
351 454 506 593 tlibertate
527 460 557 518 et
575 457 751 535 petulantia
771 459 817 518 uti
829 503 836 532 ,
860 474 925 537 qua
947 461 1070 538 pridem
1091 462 1152 524 sub
1170 463 1377 537 Constantio,
1395 467 1426 525 et
1451 466 1563 544 postea
1580 470 1640 529 sub
1660 467 1794 531 Valente
1818 471 1869 530 usi

247 551 346 596 ueran
364 578 372 594 .

274 613 384 674 Amico
406 612 482 674 lieet
494 613 603 674 auimo
618 615 866 694 chrysostomus
878 616 1049 679 Anemoeos
1073 617 1266 692 confutaret,
1281 619 1352 680 illos
1367 624 1473 683 tamon
1490 623 1608 685 acriter
1624 623 1844 688 insectabatur
1858 644 1867 686 r

233 691 413 784 etquidem
427 690 501 784 y'qro
516 709 554 754 ac
568 693 693 753 merito.
712 693 867 754 Dicebant
879 695 964 754 enim
981 695 1028 755 illi
1043 713 1078 758 se
1092 713 1221 757 omnem
1234 698 1401 759 scientiam
1414 701 1587 778 accepisse,
1600 703 1752 780 quodque
1767 707 1868 784 magis

232 788 370 843 mireris,
389 787 424 830 se
446 774 490 832 ila
504 771 605 831 Deum
624 788 730 844 nosse,
744 779 780 831 ut
790 789 829 832 ‘se
847 773 914 850 ipse
928 779 1074 835 noverat.
1090 772 1170 835 Cum
1182 791 1280 853 porro
1293 793 1327 837 se
1341 780 1431 839 tanta
1445 778 1618 840 instructos
1640 782 1778 844 scientia
1793 785 1870 843 ridi-

230 850 303 911 cule
327 853 489 926 putarent,
506 848 585 909 niliil
603 849 719 910 mirum
745 849 772 910 si
787 850 844 910 Dei
860 853 1074 914 substantiam
1102 853 1254 914 audacter
1274 859 1515 928 scrutarentur,
1534 861 1644 934 totque
1670 860 1755 921 circa
1778 861 1868 921 illam

232 927 428 1006 quaestiones
451 932 634 1001 moverent,
648 932 745 1005 alque
770 929 873 990 obviis
894 930 1077 1008 quibusque
1091 930 1264 993 Catholicis
1288 933 1383 994 etiam
1400 934 1432 993 in
1454 934 1523 996 foro
1538 937 1724 1013 objicerent.
1738 939 1769 998 Si
1794 940 1867 1017 quis

232 1024 329 1084 porro
351 1007 436 1084 ipsos
460 1005 498 1066 de
513 1011 601 1067 tanta
622 1007 757 1069 audacia
771 1007 989 1088 redargueret,
1006 1011 1206 1087 reponebant
1224 1010 1268 1070 illi
1283 1054 1291 1082 ,
1306 1011 1354 1071 An
1373 1013 1502 1089 ignoras
1522 1014 1555 1075 id
1568 1013 1765 1094 quadratis?
1778 1019 1814 1077 T.
1831 1019 1866 1091 1,

230 1085 368 1147 colata.
378 1085 452 1148 llaec
462 1102 539 1146 vero
552 1089 708 1162 perpetuo
719 1089 750 1147 et
761 1085 799 1149 ad
813 1103 908 1148 aures
924 1088 1067 1147 omnium
1080 1089 1313 1149 decantabant:
1328 1091 1444 1150 filium
1459 1109 1525 1152 non
1543 1110 1615 1153 esse
1627 1094 1712 1154 Patri
1729 1098 1868 1157 consub-

231 1165 426 1234 stantialem,
442 1181 512 1224 esse
529 1181 597 1224 rem
614 1163 741 1236 factam,
759 1181 822 1225 non
837 1165 955 1226 habere
970 1183 1080 1243 parem
1095 1167 1179 1227 Patri
1193 1167 1355 1246 judicandi
1371 1173 1573 1248 potestatem,
1590 1187 1656 1231 nen
1672 1189 1766 1249 posse
1780 1175 1866 1234 Patri

229 1243 488 1400 allatores
502 1242 908 1400 diffamabant}
921 1243 1092 1386 attilii}
1108 1245 1502 1388 ⁹2³³'bl‘lll¹¹.¹¹ll⁰”u‘t.⁵⁰
1517 1249 1708 1388 blatta
1722 1252 1865 1390 atla·
1906 1270 1910 1294 ²

228 1405 295 1462 tam
307 1365 515 1462 antiochenis
530 1416 628 1477 quam
643 1366 1004 1478 Constantinopolitanis
1019 1343 1474 1481 insectaffiChrysestomus,
1488 1346 1586 1468 Etiafn
1607 1406 1642 1465 iu
1656 1349 1866 1470 concioni'bbl}

230 1479 291 1540 illis
306 1495 445 1557 quarum
460 1483 685 1557 argumentum
699 1479 780 1538 nihil
793 1478 888 1540 alline
906 1478 1073 1542 videbatur
1086 1481 1206 1542 habere
1220 1499 1293 1542 cum
1303 1483 1532 1544 Anomoeorum
1547 1484 1674 1544 haeresi.
1684 1483 1765 1544 Cum
1778 1487 1866 1546 enim

229 1557 262 1617 hi
276 1557 416 1618 heretici
438 1558 569 1616 omnino
595 1556 720 1617 dicaces
746 1562 775 1618 et
797 1575 960 1636 pugnaces
983 1563 1102 1631 essent,
1118 1576 1156 1620 ac
1177 1567 1333 1639 perpetuo
1353 1579 1425 1622 cum
1446 1561 1619 1623 Catholicis
1642 1563 1864 1639 velitarentnr,

229 1635 351 1696 nullam
363 1635 610 1714 chrysostomus
626 1635 828 1696 occasionem
843 1637 1010 1698 omittebat
1023 1646 1088 1698 tam
1103 1654 1254 1715 procaces
1269 1638 1412 1699 homines
1427 1638 1624 1701 confutandi.

267 1714 388 1776 Verum
407 1713 481 1776 licet
498 1713 619 1791 passim
637 1716 668 1774 et
684 1714 805 1790 ubique
827 1714 860 1774 in
880 1713 1099 1794 chrysostomi
1118 1717 1324 1778 homiliarum
1347 1716 1485 1779 decursu
1512 1718 1740 1779 Auomoeorum
1764 1737 1866 1801 argu-

227 1797 336 1855 menta
350 1792 537 1853 adferantur
555 1796 587 1854 et
603 1791 827 1853 confutentur:
844 1810 1005 1870 nusquam
1020 1799 1142 1856 tantam
1162 1796 1403 1857 armamentarii
1421 1795 1637 1876 lucifugarum
1659 1797 1787 1859 illorum
1804 1817 1864 1861 co-

227 1871 314 1947 piam
330 1870 616 1950 deprehendimus,
638 1874 791 1948 quantam
808 1871 839 1930 in
860 1871 910 1932 his
926 1872 958 1933 in
972 1871 1107 1934 loannis
1123 1874 1334 1952 Evangelium
1356 1874 1523 1948 Homiliis3
1540 1876 1696 1952 quoniam
1718 1878 1865 1939 videlieet
1985 1879 1990 1884 ’

227 1950 274 2010 illi
287 1952 328 2012 e‘x
344 1950 404 2012 hoc
420 1949 559 2011 maxime
576 1949 761 2028 Evangelio,
779 1949 954 2012 secundum
974 1968 1066 2012 suani
1084 1955 1224 2013 mentem
1237 1997 1246 2024 ,
1259 1956 1292 2012 et
1314 1952 1538 2030 omnigenam,
1562 1958 1597 2014 ut
1620 1954 1681 2030 ipsi
1702 1954 1862 2027 dicebaut,

227 2029 395 2091 seientiam
416 2028 587 2107 explicato,
606 2033 796 2106 argumenta
820 2045 878 2090 sua
894 2031 1137 2090 mutuabantur.
1163 2031 1241 2104 Quae
1254 2047 1366 2090 eurum
1381 2036 1587 2109 argumenta,
1604 2033 1718 2093 saltem
1744 2035 1864 2112 preci—

228 2123 292 2184 pua
309 2108 467 2186 quaedam,
483 2125 555 2168 cum
577 2107 842 2184 responsionibus
856 2106 1076 2187 Chrysostumi
1092 2125 1156 2168 non
1172 2108 1292 2186 pigebit
1303 2107 1443 2183 referre,
1456 2115 1627 2186 postquam
1641 2108 1679 2171 de
1694 2111 1781 2173 illius
1799 2113 1864 2173 hae·

228 2200 337 2248 roseos
353 2192 437 2258 ortu,
451 2189 481 2246 et
497 2203 667 2266 progressu
683 2185 723 2247 ad
738 2185 798 2246 boo
814 2203 929 2264 usque,
942 2203 1008 2264 quo
1021 2186 1060 2246 de
1077 2203 1164 2248 nune
1176 2188 1294 2266 agitur,
1305 2190 1430 2265 tempus
1444 2187 1631 2264 compendio
1644 2189 1862 2251 retulerimus.

227 2265 260 2324 lil
278 2264 364 2344 quod
386 2265 497 2326 lectori
522 2281 586 2325 non
601 2263 834 2342 displiciturum
850 2279 1015 2342 speramus
1029 2284 1038 2337 3
1052 2280 1128 2326 nam
1150 2282 1232 2343 quos
1254 2267 1320 2326 tam
1333 2265 1517 2343 frequenter
1532 2265 1675 2327 ridemus
1692 2267 1863 2348 aChryso-

226 2348 331 2408 stomo
342 2343 511 2423 exagitari,
522 2345 562 2406 ab
577 2346 650 2404 ortu
663 2347 693 2404 et
708 2344 804 2479 gestis
819 2359 1025 2422 cognoscere,
1039 2359 1134 2404 nemo
1150 2344 1262 2405 inutile
1273 2342 1340 2405 fore
1354 2343 1482 2404 dixerit.

265 2423 296 2482 2.
322 2423 416 2484 Arius
439 2423 524 2484 circa
549 2439 671 2483 annum
694 2421 752 2480 3·d
775 2421 1006 2483 exsecrandam
1022 2422 1170 2482 haeresim
1193 2423 1227 2482 in
1248 2422 1425 2484 Ecclesiam
1444 2422 1501 2483 Dei
1523 2423 1665 2496 invexit,
1685 2423 1875 2504 discipulos,

226 2503 344 2563 multus
360 2501 484 2575 habuit,
496 2502 672 2578 turbasque
687 2500 873 2561 innumeras
888 2499 983 2572 dedit,
999 2500 1091 2578 queis
1105 2517 1215 2562 omncs
1234 2518 1314 2578 pene
1329 2501 1415 2561 orbis
1429 2500 1579 2562 Ecclesiae
1590 2502 1761 2580 exagitatae
1772 2509 1859 2564 sunt.

227 2580 294 2642 Arii
314 2586 422 2644 autem
439 2582 470 2640 ct
493 2579 686 2640 Arianorum
710 2579 872 2658 praecipua
896 2579 1001 2656 capita
1018 2584 1048 2638 et
1066 2581 1162 2641 verba
1178 2580 1246 2640 liaeo
1274 2582 1385 2641 erant:
1406 2578 1509 2640 Deum
1528 2595 1594 2639 uon
1618 2579 1716 2641 fuisse
1735 2599 1862 2660 semper

227 2659 372 2732 Patrem;
386 2658 503 2722 Filium
518 2674 583 2718 uon
599 2673 726 2736 semper
744 2657 859 2728 fuisse,
874 2657 928 2718 sed
945 2656 1045 2718 fuisse
1062 2661 1187 2735 tempus
1206 2676 1279 2718 cum
1294 2674 1359 2717 uon
1372 2661 1477 2730 esset3
1494 2674 1559 2718 non
1574 2657 1673 2719 fuisse
1685 2666 1862 2738 antequam

228 2741 426 2810 nasceretur,
442 2737 474 2796 in
490 2741 633 2814 tempore
648 2736 767 2798 factum
786 2753 857 2797 esse
869 2742 900 2795 et
915 2754 954 2795 eii
970 2735 1072 2796 nihilo
1085 2756 1093 2809 3
1110 2753 1175 2795 non
1190 2736 1358 2814 proprium
1373 2753 1445 2796 esse
1460 2741 1583 2798 nature
1596 2737 1719 2812 Patris;
1735 2744 1862 2800 creatu·

102 2861 109 2876 .
227 2833 381 2879 ramesse
396 2814 588 2894 perlectam,
612 2813 666 2876 sed
689 2832 752 2874 non
768 2817 804 2874 ut
816 2814 913 2876 aliam
928 2833 965 2875 ex
984 2815 1161 2887 creaturis3
1179 2831 1244 2875 nen
1262 2831 1332 2875 esse
1351 2831 1464 2875 verum
1477 2815 1601 2887 Deum,
1622 2816 1677 2876 sed
1691 2817 1863 2895 participa·

229 2896 314 2958 tiene
327 2896 448 2967 Deum3
473 2910 537 2954 non
557 2911 627 2955 esse
642 2897 810 2966 aeternum,
826 2892 969 2954 sedante
984 2897 1128 2971 tempora
1142 2897 1173 2953 et
1188 2894 1306 2954 secula
1320 2895 1463 2954 creatum
1478 2911 1486 2965 ;
1509 2892 1627 2954 Filium
1642 2910 1707 2955 non
1723 2895 1861 2972 perfecte

228 2991 323 3036 nosse
339 2991 397 3036 nec
412 2972 550 3052 perfecte
564 2971 671 3034 ridere
695 2973 830 3034 Patrem.
843 2973 888 3032 llo
906 2973 1002 3033 etiam
1014 2972 1187 3051 impietatis
1199 2971 1426 3050 procedebant,
1438 2974 1475 3030 ut
1487 2970 1645 3043 dicerent,
1661 2972 1779 3032 Filium
1796 2990 1861 3034 non

225 3071 298 3116 esse
315 3053 447 3115 unicum
471 3055 502 3113 et
516 3069 628 3112 verum
642 3051 796 3120 Verbum,
813 3051 867 3112 sed
883 3050 952 3112 solo
966 3049 1096 3111 nemine
1110 3049 1269 3121 Verbum,
1283 3049 1353 3110 solo
1375 3049 1508 3110 numine
1524 3049 1740 3126 Sapientiam,
1756 3053 1862 3131 gratia

226 3131 364 3205 Filium,
380 3131 508 3193 initium
525 3135 746 3193 creaturarum
760 3149 768 3201 ;
783 3129 926 3192 Verbum
949 3133 1068 3191 natura
1091 3129 1245 3191 mutabile
1268 3145 1339 3190 esse
1352 3171 1360 3199 ,
1374 3127 1541 3206 multaque
1565 3145 1637 3189 esse
1657 3127 1774 3192 Verba.
1793 3128 1861 3191 lmo

226 3211 351 3275 dicebat
366 3213 434 3289 ipse
454 3211 549 3271 Arius
572 3209 658 3270 aliud
674 3228 745 3271 esse
755 3209 899 3270 Verbum
913 3208 998 3287 quod
1015 3209 1046 3268 in
1061 3208 1129 3270 Deo
1144 3216 1203 3282 est,
1217 3214 1248 3268 et
1259 3206 1346 3269 aliud
1359 3206 1398 3268 de
1414 3224 1481 3285 quo
1495 3208 1539 3268 ait
1548 3208 1702 3281 Juanues,
1716 3209 1759 3268 fn
1765 3209 1861 3288 prin-

228 3292 311 3369 ei'pto
332 3298 398 3351 erut
419 3288 560 3352 Verbum.
578 3289 614 3349 ln
630 3288 689 3349 hac
704 3288 790 3349 enim
814 3288 913 3366 impia
927 3287 1072 3367 doctrina
1085 3304 1150 3346 nou
1164 3304 1276 3347 omnes
1304 3286 1366 3347 sibi
1383 3287 1593 3359 constabant,
1614 3285 1668 3346 sed
1691 3287 1775 3348 alius
1795 3288 1861 3349 alia

227 3370 417 3447 plerumque
438 3368 602 3429 contraria
619 3366 804 3442 dictitabat,
824 3367 888 3427 imo
900 3410 909 3441 ,
924 3369 961 3427 ut
983 3383 1077 3427 error
1099 3366 1152 3427 iix
1169 3365 1348 3426 consistere
1362 3367 1489 3442 potest,
1505 3363 1602 3426 iidem
1624 3364 1685 3442 ipsi
1709 3382 1774 3426 non
1797 3366 1860 3426 sibi

227 3466 353 3525 semper
370 3446 622 3519 consentiebant,
1329 3491 1332 3495 .

266 3528 421 3587 Dicebant
435 3526 530 3586 etiam
547 3526 629 3586 inter
643 3536 697 3587 eos
712 3523 816 3598 multi,
827 3524 944 3593 Filium
960 3540 1025 3584 non
1038 3540 1106 3584 esse
1116 3522 1199 3584 Patri
1214 3522 1361 3583 similem.
1375 3521 1468 3585 Circa
1479 3521 1564 3583 banc
1578 3538 1654 3583 vero
1668 3522 1860 3584 sententiam

228 3606 422 3667 Arianorum
444 3604 526 3667 facta
549 3608 624 3665 sunt
649 3604 796 3667 divortia.
816 3603 877 3664 Alii
892 3602 976 3664 enim
989 3619 1117 3662 ornnem
1137 3602 1269 3661 omnino
1283 3600 1525 3662 similitudinem
1547 3600 1779 3674 excludebant;
1803 3601 1860 3663 alii

227 3684 467 3745 similitudinem
481 3684 577 3745 etiam
593 3684 625 3744 iii
641 3682 821 3745 substantia
835 3680 1059 3754 admittebaut;
1078 3680 1110 3739 hi
1126 3696 1203 3740 vero
1216 3680 1412 3759 peculiarem
1433 3678 1527 3757 quasi
1546 3685 1666 3740 sectam
1685 3680 1861 3741 constitue·

227 3762 315 3839 runt,
332 3760 387 3841 qui
402 3760 521 3831 ι”μωύσιον
534 3763 600 3825 sive
618 3759 1041 3823 consubstantialeni'Filium
1054 3776 1124 3819 esse
1138 3760 1311 3837 negabant,
1327 3758 1383 3819 sed
1399 3762 1555 3830 ὁμοιοούσιον,
1571 3757 1699 3820 similem
1715 3756 1860 3818 substan-

229 3843 283 3911 tio,
299 3843 518 3917 admittebant,
535 3860 673 3921 eumque
686 3858 705 3903 a
720 3839 865 3919 perlectis
882 3838 1009 3899 Arianis
1023 3837 1057 3897 in
1075 3837 1185 3912 aliquo
1196 3836 1377 3909 deficerent,
1394 3835 1584 3909 Semiariaui
1600 3838 1709 3896 sunta
1733 3836 1856 3913 pellati.

227 3923 266 3981 lli
289 3939 386 4000 porro
400 3924 497 3983 etiam
511 3926 587 3982 sunt
607 3923 690 3981 inter
709 3938 743 3981 se
758 3918 862 3980 divisi.
884 3916 946 3977 Alii
969 3932 1109 3993 namque
1123 3916 1282 3988 dicebant,
1298 3914 1415 3975 Filium
1433 3915 1615 3977 substantia
1636 3852 1775 3975 simiflem
1787 3932 1859 3977 esse

227 4001 325 4075 Patri,
338 4000 545 4063 similitudine
561 3998 745 4077 imperfecta
760 3996 865 4075 qualis
884 3998 993 4073 posset
1007 4012 1079 4055 esse
1091 3998 1248 4055 creature
1259 3992 1298 4054 ad
1309 3992 1504 4065 Creatorem,
1518 3993 1666 4085 imaginis
1681 3991 1719 4054 ad
1733 3997 1856 4073 typum.

228 4080 404 4159 imaginem
420 4098 534 4157 nempe
557 4083 587 4141 et
605 4076 845 4139 similitudinem
866 4072 956 4135 illam
978 4077 1071 4135 eiitra
1082 4073 1204 4145 Deum,
1220 4073 1317 4133 aDee
1340 4070 1455 4133 factam
1477 4088 1548 4133 esse
1564 4070 1733 4145 dicebant,
1750 4076 1782 4131 et
1799 4072 1857 4132 Dei

228 4160 415 4222 substantiae
428 4160 564 4221 similem
579 4174 661 4229 esse,
682 4159 841 4234 quatenus
858 4157 962 4232 petest
979 4170 1030 4214 res
1043 4156 1136 4215 extra
1149 4152 1251 4211 Deum
1266 4152 1386 4222 creata,
1402 4148 1562 4210 Creatoris
1584 4149 1773 4211 substantiae
1786 4167 1858 4213 esse

229 4239 353 4300 similis.
367 4238 408 4299 lli
428 4256 504 4301 voro
526 4238 654 4298 nomine
676 4238 800 4295 tantum
818 4238 911 4294 lenus
930 4233 971 4292 ab
986 4231 1114 4292 Arianis
1132 4230 1279 4308 perfectis
1292 4226 1491 4290 differebant.
1511 4228 1580 4288 Non
1598 4230 1684 4289 euim
1708 4231 1860 4306 poterant

229 4316 341 4379 Ariani
356 4334 475 4395 negare
491 4317 544 4395 qui
560 4314 769 4393 Evangelium
783 4311 1011 4383 admittebant,
1027 4309 1171 4388 aliquam
1189 4306 1430 4369 similitudinem
1444 4305 1661 4383 imperfectam
1676 4324 1747 4368 esse
1764 4323 1859 4383 posse

229 4399 313 4458 inter
327 4402 492 4459 creaturas
511 4398 543 4456 et
554 4393 760 4455 Creatorem:
780 4386 1041 4469 quandoquidem
1061 4388 1095 4449 iii
1111 4388 1287 4467 Evangelio
1303 4385 1452 4460 habetur,
1468 4386 1511 4448 ui
1530 4384 1601 4447 sitis
1623 4383 1737 4447 similes
1750 4384 1859 4447 Petris

229 4476 410 4545 cestri,etc.

268 4557 314 4616 Ex
328 4552 534 4617 Semiarianis
545 4568 620 4613 iero
630 4550 697 4621 alii,
708 4566 847 4626 quorum
858 4547 959 4611 antesi
984 4562 1088 4609 nanus
1099 4552 1168 4609 erat
1177 4544 1315 4606 Basilius
1328 4544 1531 4623 Ancyranus,
1540 4551 1568 4596 τὸ
1578 4547 1734 4612 apotomae,
1743 4560 1860 4619 nempe

230 4634 470 4697 similitudinem
489 4630 692 4703 substantia,
707 4630 803 4709 longe
818 4628 882 4689 alio
903 4566 998 4688 moCo
1012 4625 1319 4712 interpretabantur.
1333 4621 1555 4684 Omnimodam
1570 4619 1689 4699 quippe
1706 4619 1861 4712 similitu-

230 4716 337 4775 dinem
349 4710 535 4774 substantiae
548 4710 580 4769 in
595 4711 686 4771 Patre
697 4712 794 4787 atque
806 4707 888 4769 Filio
898 4702 1108 4767 admittebant
1122 4724 1129 4763 ε
1143 4712 1171 4759 τὸ
1181 4708 1302 4769 &moires
1312 4718 1401 4774 vero,
1413 4702 1481 4762 sive
1493 4700 1859 4790 consubstantialitatem

230 4794 331 4855 Patris
348 4796 379 4853 et
392 4790 464 4850 Filii
479 4788 683 4869 rejiciebant3
700 4784 872 4865 etquidem
888 4783 997 4845 multis
1013 4781 1170 4845 decausis
1192 4796 1274 4859 quas
1286 4782 1433 4841 recenset
1452 4782 1483 4840 et
1497 4776 1642 4840 confutat
1662 4778 1859 4838 Athanasius

231 4864 313 4937 libro
328 4870 366 4931 de
381 4868 527 4948 synodis,
564 4865 663 4942 dot,
677 4870 709 4928 et
726 4866 760 4925 iii
775 4864 886 4927 eodem
899 4864 994 4935 libro,
1008 4882 1041 4941 p.
1056 4862 1127 4936 757,
1142 4860 1199 4933 ait,
1213 4858 1285 4921 ideo
1299 4858 1388 4920 illam
1403 4874 1525 4928 rocem,
1540 4862 1673 4928 beroeae,
1687 4857 1728 4917 ab
1746 4855 1797 4916 his
1821 4854 1861 4915 (10

231 4952 349 5031 quibus
363 4948 529 5026 loquimur
540 4887 748 5009 gemiarianis
769 4944 870 5025 rejici,
886 4941 964 5020 quia
987 4942 1020 5003 iii
1038 4940 1175 5003 coneilio
1192 4937 1411 5009 Antiocheno,
1426 4936 1482 4997 ubi
1496 4935 1615 4997 Paulus
1630 4934 1859 5026 samosaiepus

230 5032 400 5094 damnatus
414 5026 611 5105 fuit‚pr0seri
636 5023 782 5089 latuerat
796 5044 804 5097 ;
820 5023 878 5091 etsi
895 5038 959 5082 non
974 5036 1013 5083 eo
1034 5036 1132 5081 seusu
1144 5033 1210 5096 quo
1223 5021 1336 5095 postea
1347 5016 1382 5075 iu
1395 5013 1523 5077 Nicoma
1536 5012 1660 5094 synodo
1676 5015 1708 5075 et
1719 5011 1861 5074 admissa

231 5114 262 5172 et
276 5108 491 5187 promulgata,
507 5110 538 5168 et
557 5106 590 5166 in
625 5106 674 5167 dei
687 5094 887 5166 confession‘e
897 5100 1001 5178 posita
1015 5098 1085 5160 fuit.
1100 5098 1181 5160 Nam
1195 5095 1282 5175 quod
1298 5096 1331 5156 in
1346 5094 1545 5156 Antiochena
1560 5091 1684 5173 synode
1698 5100 1725 5145 τὸ
1737 5096 1861 5159 apuam

232 5205 296 5249 uon
317 5187 464 5248 absolute
479 5184 666 5248 damnatum
679 5183 785 5255 fuerit,
801 5182 903 5258 liquet
921 5198 963 5242 ex
978 5178 1085 5241 verbis
1106 5175 1252 5255 Dionysii
1266 5172 1475 5236 Alexandrini
1488 5212 1496 5240 ‚
1509 5171 1565 5251 qui
1580 5169 1787 5261 Antiochense
1800 5186 1861 5247 sy-

183 5256 191 5268 “
231 5267 314 5328 nodo
331 5264 519 5329 interfuerat
538 5268 570 5327 et
583 5263 828 5342 subscripserat.
845 5261 1021 5321 Accusatus
1043 5257 1128 5320 enim
1141 5254 1227 5332 apud
1242 5252 1433 5345 Dionysium
1455 5252 1636 5341 Romanum
1655 5246 1859 5342 Pontificem.

230 5345 317 5425 quod
332 5364 409 5408 voce
423 5350 542 5413 beatum
556 5361 620 5406 non
634 5345 779 5404 uteretur
801 5340 834 5401 in
860 5338 1068 5401 concionibus
1086 5335 1167 5409 suis,
1189 5332 1354 5412 respondit
1375 5330 1429 5391 ille
1445 5346 1480 5421 se
1502 5327 1686 5421 huiusmodi
1701 5343 1814 5419 recem
1830 5328 1862 5387 et

230 5424 408 5497 admittere,
429 5430 460 5489 et
479 5430 515 5487 ut
536 5424 668 5485 omnino
683 5420 873 5483 catholicam
889 5418 1019 5480 babere..
1037 5416 1085 5477 Ab
1094 5415 1155 5497 ‘illa
1168 5417 1276 5475 autem
1289 5414 1366 5471 tunc
1390 5409 1591 5485 abstinebat,
1614 5424 1692 5487 quia
1710 5407 1773 5497 sibi
1787 5422 1861 5497 cuin

230 5504 418 5568 Sabellianis
431 5510 486 5566 'res
503 5508 582 5568 erat.
598 5498 672 5563 Ilaec
685 5517 761 5563 vero
773 5498 917 5578 pluribus
937 5494 1095 5574 descripta
1106 5493 1205 5557 babes
1221 5492 1256 5551 iii
1270 5488 1436 5553 Athanasii
1460 5488 1542 5549 libro
1554 5487 1593 5549 de
1611 5487 1771 5576 sententia
1786 5482 1861 5575 Dio·
1917 5497 1923 5508 ·

230 5584 313 5665 nysii
331 5605 338 5644 ι
363 5584 419 5645 ubi
434 5584 487 5646 ille
505 5585 575 5661 ipsa
587 5579 733 5660 Dionysii
749 5579 848 5643 verba
861 5575 970 5650 refert,
985 5574 1149 5652 exscripta
1162 5588 1204 5633 ex
1225 5567 1367 5651 ejusdcm
1382 5567 1528 5649 epistola.
1543 5568 1690 5629 Attamen
1705 5563 1738 5655 lii
1757 5566 1861 5623 mitio·

183 5688 186 5697 ·
228 5682 280 5726 res
294 5663 482 5727 Semiariani
502 5669 528 5717 a
541 5668 660 5731 apertur-i
674 5658 873 5739 reJieiebant,
889 5656 1001 5733 illique
1026 5652 1294 5721 incidissimum
1310 5649 1556 5711 substituebant.
1571 5644 1691 5706 Verum
1704 5656 1793 5733 inea
1805 5656 1862 5731 οξ·

219 5744 378 5822 plicanda
392 5760 470 5805 voce
491 5741 536 5804 ita
551 5737 776 5820 precedebant,
790 5740 826 5797 ut
851 5751 871 5797 a
898 5750 975 5795 iera
991 5732 1229 5795 Catholicnrum
1254 5728 1414 5789 sententia
1438 5727 1516 5787 nihil
1532 5722 1708 5816 differrent,
1725 5720 1802 5781 licet
1828 5735 1860 5778 iu

224 5824 335 5889 Verbis
351 5822 428 5903 ipsis
444 5824 636 5901 pugnarent.
652 5820 739 5881 lnter
759 5814 970 5880 substantiam
987 5813 1072 5875 onim
1088 5809 1190 5874 Patris
1211 5810 1241 5869 et
1254 5807 1327 5867 Filii
1342 5804 1514 5885 perfectam
1531 5798 1772 5865 similitudinem
1796 5800 1862 5860 sta·
