4084 6350
291 327 341 386 dii

288 447 379 520 ipsum
400 441 550 501 consolatio
569 448 612 498 est
624 482 633 505 ,
646 439 719 512 quod
733 439 847 495 dicatae
860 437 895 493 ad
908 436 1015 494 Patrem
1037 436 1086 490 ire.

288 536 429 610 Siguisseat
441 536 513 593 euim
525 549 556 592 se
575 549 631 590 nen
651 532 820 603 periturum,
834 529 882 587 sed
897 536 1011 584 mortem
1031 526 1090 597 ejus

288 626 579 688 essetrunslationem.
587 621 1012 695 Aliamqnequeeensolationem
1022 618 1089 690 ipsis

287 721 398 780 indidit.
412 719 473 777 Non
485 723 557 778 eninr
570 725 673 772 tantum
688 716 771 781 dixit,
787 714 936 780 Modicum,
952 722 976 768 et
987 728 1039 768 non
1051 711 1090 765 ui-

186 790 194 808 ·
289 813 381 870 dabitis
392 827 452 877 nte;
464 809 512 867 sed
527 818 555 865 et
566 807 686 873 addidit,
703 806 852 874 Modicum,
865 816 888 862 et
899 803 1014 860 videbitis
1029 819 1070 860 nse
1079 819 1090 868 ,·

288 907 413 964 indicans
427 919 458 960 se
471 902 621 959 rediturum
642 915 721 964 esse,
737 908 765 956 et
778 899 890 955 brevem
905 897 962 953 lore
975 909 1089 966 separa·

288 1001 402 1064 donem,
414 1007 628 1069 perpetuumque
636 1009 698 1049 euru
707 993 760 1050 illis
770 991 947 1049 consortium.
963 990 1020 1045 llec
1031 1003 1091 1044 eer-

288 1102 318 1151 te
329 1094 437 1150 illinon
446 1091 645 1147 intellexeruut.
659 1086 738 1145 Unde
745 1089 807 1158 jure
816 1087 929 1142 miretur
942 1085 1088 1156 quispiam,

289 1185 426 1260 quomodo
436 1199 498 1240 cunr
513 1184 573 1239 hee
593 1182 749 1252 lrequeuter
760 1180 917 1245 audissent,
932 1179 968 1234 ita
983 1177 1091 1233 dubitu-

288 1277 438 1349 rentquasi
453 1274 521 1331 nibil
533 1274 683 1330 audissent.
698 1272 788 1341 Quale
801 1286 866 1343 ergo
880 1286 934 1326 tuen
949 1270 1092 1326 intellexe-

264 1357 270 1366 ’
291 1370 376 1428 senti
390 1369 445 1425 dut
460 1376 570 1441 propter
583 1367 736 1432 tristitiam,
751 1372 781 1420 ut
795 1363 932 1431 arbitrur;
948 1363 1004 1433 ipsa
1018 1362 1092 1418 enirn

289 1462 426 1518 dicturum
440 1460 562 1516 omnium
575 1458 735 1515 memoriam
750 1455 925 1520 eliminabat;
942 1454 986 1510 rel
999 1454 1035 1509 eb
1047 1455 1090 1510 di-

288 1562 394 1611 oterntu
408 1551 600 1608 obscuritatem
614 1592 622 1617 ‚
638 1559 668 1605 nt
678 1548 814 1604 contraria
829 1547 976 1618 protulisse
986 1545 1092 1602 ridere·

289 1655 353 1712 tur,
368 1661 429 1718 qnae
440 1659 503 1723 rere
516 1642 651 1700 contraria
665 1657 719 1698 non
732 1650 820 1697 erant.
836 1641 865 1697 Si
877 1649 905 1697 te
919 1639 1087 1707 ridebimus,

289 1739 384 1804 aiunt,
397 1754 451 1810 quo
465 1737 564 1793 radisl
578 1735 708 1801 sirudis,
722 1734 859 1807 quemodo
875 1743 902 1790 te
924 1733 1093 1790 uidebimus?

290 1831 357 1890 ldeo
379 1831 489 1898 dieunt,
504 1829 639 1884 Nescimus
650 1828 713 1901 quid
724 1828 846 1900 loquitur.
857 1827 935 1896 Quod
948 1828 1020 1884 eninr
1035 1827 1094 1882 abi·

290 1937 369 1983 turns
388 1933 477 1991 esset,
490 1923 517 1978 id
540 1930 693 1978 noverant:
718 1923 879 1992 ignorabant
898 1931 988 1977 autern
1004 1921 1090 1990 ipsum

290 2018 372 2093 paulo
390 2027 450 2088 post
469 2031 530 2072 esse
545 2015 707 2071 rediturum.
723 2013 786 2069 ldeo
808 2014 930 2083 increpat
944 2013 1005 2068 illos
1019 2013 1092 2084 quod

188 2119 191 2123 ’
290 2113 393 2169 dietum
406 2125 460 2166 non
470 2117 591 2166 nossent.
602 2108 670 2164 Nam
681 2122 742 2164 euru
753 2107 836 2178 vellet
847 2107 881 2163 de
894 2117 981 2163 morte
992 2107 1095 2163 doetri-

290 2222 354 2264 nam
367 2205 420 2294 illis
432 2204 606 2262 veliementer
619 2203 769 2269 inculeare,
789 2201 851 2272 quid
866 2201 922 2256 ait?
935 2201 982 2258 20.
1002 2201 1093 2269 Amen,

294 2299 435 2356 amendiro
444 2298 528 2364 robis,
540 2283 600 2368 quic
611 2296 744 2368 plorabitis
753 2306 777 2350 et
791 2295 885 2366 {letitia
894 2312 957 2361 eea,·
968 2297 994 2351 in
1008 2304 1095 2352 morte

654 325 683 382 s.
701 317 1096 384 toanntsunussesuuur
1115 316 1275 376 secutur.
1295 313 1557 382 censruurrner.
1880 333 1939 394 q„
2007 291 2008 294 ‘

1146 428 1254 504 inquit:
1271 431 1306 488 Et
1318 450 1391 490 nenio
1405 433 1471 490 illud
1484 434 1555 491 tollet
1567 451 1583 490 a
1596 435 1675 492 nolin
1690 435 1735 493 23.
1747 438 1780 495 ln
1792 441 1836 498 iile
1847 445 1885 502 die
1894 467 1928 508 nus

1145 545 1198 584 non
1211 528 1333 600 rogabitis
1346 527 1495 600 quidquem.
1510 527 1612 584 lterum
1626 527 1717 585 autern
1731 533 1795 588 nibil
1810 536 1878 595 alind
1893 542 1947 600 bis'

1144 621 1304 704 confirmat,
1319 637 1402 693 quarn
1412 623 1508 694 quoda
1523 623 1578 679 beo
1588 623 1633 678 sit.
1651 623 1929 694 iuuentutemque,

1145 717 1215 790 Quid
1234 718 1284 776 sibi
1305 719 1544 787 autumantia
1561 721 1776 793 non-rogabitis?
1796 724 1930 790 liediatore

1144 825 1213 882 opus
1226 826 1279 868 non
1294 801 1446 876 babebitis,
1461 811 1509 868 sed
1529 810 1646 868 sullieiet
1667 812 1754 868 solnm
1769 829 1863 874 nonen
1876 837 1932 890 pro.

1144 903 1216 962 ferre
1240 913 1268 959 ut
1289 911 1376 960 totum
1388 904 1543 976 accipiatis;
1555 904 1646 971 Anien,
1661 920 1736 960 umen
1749 906 1804 961 dicu
1819 909 1901 966 robis:
1914 918 1933 970 ri

1144 997 1207 1070 quid
1219 997 1339 1069 petieritis
1354 995 1459 1054 Putrem
1471 999 1499 1053 in
1512 998 1613 1054 nemine
1625 1015 1680 1054 urea
1697 997 1746 1072 (a).
1761 999 1880 1060 Ostendit
1892 1022 1934 1062 no-

1144 1091 1225 1149 minis
1238 1099 1416 1162 potestatem,
1445 1090 1576 1162 siquidem
1602 1105 1653 1148 nee
1667 1091 1740 1148 risus
1752 1108 1802 1149 nec
1815 1106 1933 1167 rugatus,

1145 1182 1194 1238 sed
1202 1183 1356 1238 nominatus
1369 1190 1483 1251 tantum,
1493 1182 1563 1254 apud
1578 1181 1684 1239 Patrem
1699 1182 1834 1241 mirabiles
1846 1187 1933 1244 reddit.

1144 1275 1197 1334 tint
1222 1285 1311 1332 autem
1326 1275 1378 1333 boe
1401 1277 1499 1333 tactum
1515 1277 1574 1334 eat?
1588 1276 1637 1334 ilbi
1657 1275 1773 1331 dieunt:
1789 1273 1893 1350 lteapice
1905 1283 1935 1338 cd

1145 1370 1228 1425 ndens
1238 1385 1326 1424 eornm
1337 1410 1347 1439 ,
1358 1379 1382 1425 et
1395 1369 1429 1438 dp
1437 1370 1515 1427 aneis
1525 1369 1577 1424 tuis
1591 1385 1649 1423 rum
1661 1366 1759 1439 fiducie
1771 1367 1839 1442 loqui
1852 1389 1936 1428 santo-

1146 1480 1204 1520 nenr
1217 1473 1307 1530 tunm,
1321 1473 1347 1519 et
1360 1466 1445 1535 surm
1460 1463 1487 1518 in
1500 1463 1602 1519 nomine
1614 1471 1657 1516 tuo
1669 1462 1753 1532 signu.
1768 1459 1800 1516 Et
1812 1477 1936 1522 concurses

1146 1566 1183 1611 est
1198 1555 1267 1611 lerna
1283 1555 1326 1609 nbi
1353 1565 1426 1610 munt
1449 1554 1524 1625 (Aet.
1543 1556 1570 1610 d.
1594 1554 1648 1611 29.
1661 1552 1706 1609 50.
1722 1553 1785 1626 et).
1801 1553 1846 1610 at.
1862 1553 1937 1629 Usque

1146 1647 1222 1702 medo
1233 1663 1284 1702 non
1295 1646 1390 1718 petistis
1399 1646 1539 1720 quidquem
1553 1646 1606 1720 lb).
1618 1645 1689 1701 ilinc
1698 1644 1815 1702 ostendit
1824 1661 1935 1718 rursum,

1146 1738 1278 1811 expedire
1298 1748 1328 1795 ut
1341 1740 1437 1806 abeat,
1458 1739 1590 1812 siquidem
1607 1753 1693 1812 usque
1707 1737 1742 1794 ad
1756 1739 1820 1796 iliud
1841 1748 1936 1812 tempus
2007 1769 2008 1774 1

1147 1831 1215 1887 nibil
1239 1831 1391 1902 petierunt;
1415 1840 1479 1888 tune
1499 1831 1633 1901 accipient
1655 1831 1748 1886 omnia
1772 1847 1936 1906 quaecumque
2007 1889 2008 1896 ,

1147 1923 1283 1994 petierint.
1298 1924 1391 1996 Neque
1405 1924 1495 1989 enim,
1516 1925 1579 1980 lieet
1593 1924 1735 1979 nobiseum
1751 1923 1876 1996 deinceps
1889 1942 1937 1982 uon
2007 1989 2008 1992 Ἴ

1146 2025 1303 2072 versaturus
1316 2016 1377 2082 sim,
1393 2016 1551 2088 putetisnos
1567 2015 1716 2072 derelictos
1731 2014 1833 2072 inisse:
1849 2032 1935 2074 nomen

1147 2122 1237 2163 meum
1253 2107 1382 2176 majorem
1399 2106 1474 2162 dablt
1487 2107 1563 2165 nobis
1576 2105 1713 2162 lldueiam.

1183 2197 1211 2252 2.
1227 2196 1293 2253 Cnrn
1308 2213 1372 2268 ergo
1385 2198 1458 2254 dieta
1473 2197 1517 2253 illa
1533 2197 1690 2254 obscuriora
1705 2206 1816 2266 essent,
1829 2199 1866 2254 ait
1878 2218 1884 2254 :
1897 2201 1936 2257 ib.
2007 2271 2008 2276 ἵ

1149 2287 1213 2343 fler
1227 2290 1254 2342 in
1275 2289 1413 2357 prooemiis
1428 2286 1546 2360 loquutus
1559 2305 1615 2343 surm
1629 2287 1711 2344 uobis.
1733 2287 1807 2344 Venit
1817 2289 1878 2345 ders
1890 2309 1938 2346 cun

291 2393 397 2450 scilieet
411 2402 440 2448 et
457 2407 554 2459 eruee;
570 2391 681 2446 mundus
697 2396 780 2443 nutem
795 2387 925 2460 pendebit.
940 2387 1008 2456 Quia
1021 2389 1095 2445 enim
1143 2382 1200 2453 jum
1213 2397 1264 2435 non
1279 2377 1310 2434 in¹
1325 2380 1462 2454 proverbiis
1478 2382 1569 2448 loquar
1582 2383 1660 2439 uobis.
1676 2381 1737 2438 Erit
1750 2392 1873 2454 ternpus,
1884 2401 1937 2440 cunr
2007 2435 2008 2444 ,

293 2499 355 2542 mum
369 2483 396 2540 id
420 2485 539 2550 nollent,
565 2483 643 2539 tacite
666 2481 862 2538 inducebantur
881 2488 911 2536 ut
931 2481 1094 2544 crederent,

294 2571 385 2642 ipsum
407 2583 460 2625 nen
482 2569 642 2625 meriturum
669 2580 748 2635 esse,
764 2566 892 2637 dubiique
906 2575 1003 2634 erant,
1017 2568 1095 2637 igno-

292 2660 630 2740 rantesquidsigqitlearet
640 2659 716 2726 illud,
729 2657 880 2723 Modicum:
894 2658 932 2712 ait
945 2657 991 2714 ille
1006 2676 1013 2712 z
1031 2655 1096 2712 Plo-

291 2755 382 2816 rttbr'tis
391 2764 414 2810 et
424 2754 517 2826 plebitn
524 2771 535 2822 ,·
543 2753 590 2809 sed
599 2752 703 2810 tristitia
710 2749 796 2807 restra
805 2760 914 2808 eertnur
922 2753 949 2807 in
958 2752 1093 2825 pendium.

328 2847 492 2908 danmatio
502 2850 590 2924 portui
599 2853 775 2924 comparatur.
785 2873 822 2889 -
832 2845 934 2907 Deinde
951 2855 1094 2920 postquam

292 2945 411 3004 ostendit
429 2953 493 3019 post
514 2945 649 3001 tristitiam
672 2954 849 3018 sequuturutn
870 2944 1000 3016 gaudium
1014 2956 1095 3015 etse,

291 3054 493 3112 meroremque
506 3039 627 3096 laetitiam
641 3040 793 3112 pariturum
806 3083 814 3108 ,
829 3034 972 3112 ipsumque
983 3041 1095 3098 brevem

295 3149 359 3192 esse
381 3132 518 3202 futurum,
543 3133 717 3205 letitiamque
739 3141 913 3205 perpetuam,
928 3133 962 3191 ad
985 3133 1097 3206 uulgare

291 3228 413 3286 decurrit
425 3227 579 3299 exemplum
593 3246 601 3284 r
616 3228 720 3299 etquid
733 3229 789 3284 aitl
801 3228 848 3285 et.
865 3228 962 3284 liulier
973 3244 1032 3284 cunr
1045 3246 1095 3299 pa·

292 3321 345 3388 rit,
361 3321 490 3375 tristitiem
501 3319 587 3375 babet.
602 3319 659 3388 Qua
672 3320 800 3390 parabola
811 3320 951 3391 propbetas
964 3318 1095 3391 trequen-

295 3422 338 3468 ter
352 3413 395 3468 usi
409 3421 489 3479 suunt,
510 3426 712 3482 maeroremque
726 3421 818 3482 partus
832 3411 972 3467 doloribus
986 3427 1098 3483 compa·

287 3515 398 3568 rantes.
416 3504 472 3560 lloe
495 3513 585 3560 autern
600 3503 659 3559 vult
677 3504 851 3575 signiacum:
870 3504 923 3560 Vos
937 3519 987 3560 eeu
1003 3515 1096 3575 partus

295 3598 403 3655 dolores
416 3597 562 3665 irrradent;
577 3604 606 3652 at
618 3606 712 3667 partus
724 3595 803 3651 dolor
820 3603 862 3652 est
876 3596 978 3652 latitia
990 3612 1073 3653 eausa
1086 3615 1094 3652 ε

295 3691 336 3747 sie
345 3699 374 3747 et
383 3689 500 3745 loturam
510 3688 739 3753 resurrectionem
749 3685 925 3755 confirmans,
939 3689 1098 3746 ostendens·

297 3798 352 3854 que
365 3782 428 3839 bine
442 3782 518 3839 abire
532 3781 646 3853 perinde
662 3796 723 3841 esse
734 3788 816 3851 atque
827 3795 860 3837 ex
874 3788 952 3836 utero
964 3781 992 3837 in
1005 3782 1097 3851 splen-

294 3874 387 3931 didam
396 3873 487 3945 egredi
496 3873 584 3932 luceru
596 3888 605 3940 ;
617 3888 651 3929 ae
660 3873 683 3929 si
693 3871 813 3939 diceret,
828 3872 1012 3948 Neminemiui
1022 3873 1095 3945 quod

296 3982 346 4040 per
359 3965 432 4023 hune
452 3966 573 4022 dolorem
587 3979 636 4022 ros
650 3966 684 4021 ad
699 3965 775 4021 utilia
797 3965 915 4023 ducam:
934 3982 996 4022 nam
1009 3975 1097 4024 mater

296 4059 400 4132 sicper
414 4058 537 4117 dolorem
550 4056 638 4113 mater
649 4056 777 4114 eflicitur.
791 4056 841 4114 Hie
856 4057 937 4114 etiam
950 4059 1095 4131 mysticum

295 4153 434 4226 quidpiam
446 4151 616 4221 subindicat,
629 4151 702 4223 quod
717 4153 776 4223 ipse
788 4167 896 4224 quoque
910 4152 1006 4211 mures
1017 4152 1096 4208 dolo-

294 4261 342 4305 res
351 4246 472 4314 solverit,
483 4254 511 4303 et
521 4243 768 4302 norumbomiuem
783 4245 938 4317 regenerari
947 4246 1092 4303 curareris.

294 4338 355 4397 ileu
370 4340 438 4396 dixit
448 4348 538 4396 autem
551 4339 639 4396 solum
653 4339 788 4396 tristitiam
801 4342 983 4407 transituram,
997 4341 1045 4397 sed
1062 4357 1096 4399 ue

295 4438 432 4491 memorat
453 4430 528 4487 illam
551 4431 679 4503 quidem;
707 4438 810 4487 tautum
834 4440 895 4488 erat
916 4431 1095 4489 adventurum

295 4523 435 4596 gaudium.
451 4516 497 4581 Si'c
509 4525 610 4581 sanetis
628 4524 745 4581 eveniet.
760 4525 840 4596 Atqui
854 4540 907 4581 nun
921 4525 983 4582 ideo
996 4527 1095 4599 gaudet

294 4613 411 4682 mulier,
424 4615 486 4687 quia
501 4616 574 4672 seruit
595 4614 677 4671 borno
700 4615 728 4669 in
742 4615 892 4681 mundum,
906 4615 954 4672 sed
969 4617 1030 4687 quia
1043 4618 1095 4675 sibi

185 4736 189 4754 2
295 4716 378 4767 uatus
391 4716 433 4765 est
446 4691 544 4764 iulans.
560 4705 626 4763 Num
642 4709 665 4763 si
680 4707 741 4764 ideo
762 4706 911 4778 gauderet,
926 4707 993 4763 tritril
1007 4709 1095 4779 impe·

295 4798 369 4857 diret
382 4799 526 4869 queminus
539 4798 593 4854 illae
602 4813 662 4869 quae
672 4812 726 4853 non
741 4798 866 4869 pariunt,
879 4797 913 4853 de
925 4798 985 4854 aliis
996 4814 1094 4870 paren·

295 4891 369 4949 tibus
378 4891 536 4964 gauderent.
551 4889 604 4947 Cur
625 4905 689 4963 ergo
703 4890 742 4946 sie
764 4890 891 4961 loquutus
903 4889 965 4946 esti
978 4890 1044 4959 Quia
1060 4890 1094 4947 ad

295 4984 350 5042 bec
363 4985 451 5043 seium
464 5001 530 5043 usus
542 4994 584 5042 est
596 4984 737 5055 exemplu,
750 4991 781 5039 ut
793 4984 948 5041 ostenderet
961 4992 1095 5056 tempora·

295 5077 1094 5148 neumessedolorem,gaudiumreroperpetuum;mortem

294 5184 359 5227 esse
373 5170 579 5226 translationem
590 5168 623 5224 ud
637 5169 737 5236 eitam,
751 5182 932 5240 magnumque
941 5178 1035 5237 partus
1045 5168 1094 5223 du·

294 5261 385 5319 lerum
394 5261 508 5318 lucrum.
519 5259 576 5316 Nee
584 5259 660 5325 dixit,
671 5258 754 5315 Natus
763 5269 805 5315 est
816 5258 916 5325 intans,
927 5258 986 5326 sed,
998 5256 1093 5313 Heme.

296 5351 349 5409 tlte
362 5354 434 5410 enirn
454 5350 680 5408 resurrectionem
696 5367 773 5408 suam
790 5351 962 5408 subindicare
976 5351 1093 5421 ridetur,

298 5453 329 5503 et
337 5444 409 5518 quod
419 5458 473 5501 nen
484 5444 563 5500 morti
574 5444 611 5499 illi
620 5444 753 5515 parienti,
770 5443 818 5499 sed
830 5459 913 5515 regno
926 5453 1092 5501 nasceretur.

295 5537 361 5597 ldee
376 5553 430 5593 uon
444 5535 529 5605 dixit,
549 5536 634 5593 Natus
650 5521 692 5592 est
704 5536 729 5593 ei
744 5535 849 5602 iulans,
863 5535 929 5604 sed,
945 5534 1031 5592 Homo
1045 5553 1094 5592 na·

297 5639 339 5685 tus
350 5639 387 5684 est
397 5628 425 5684 in
437 5628 542 5684 munde.
554 5627 601 5683 22.
613 5627 647 5681 Et
657 5643 700 5683 eor
712 5643 780 5682 nunc
792 5627 895 5700 quidem
905 5627 1034 5683 tristitiem
1044 5627 1094 5683 bc·

297 5721 402 5788 bebitia3
416 5722 509 5776 iteruin
522 5721 700 5777 cutemuidebo
712 5738 773 5788 eos,
789 5731 813 5777 et
826 5722 928 5777 tristitia
938 5730 1021 5777 nestra
1040 5737 1095 5778 eer-

299 5814 399 5869 teturin
409 5815 540 5886 pendium.
553 5814 655 5872 Deinde
666 5818 736 5886 qnod
748 5832 801 5876 non
812 5817 881 5873 ultra
890 5814 1037 5873 moriturus
1047 5813 1093 5885 sit,

1148 2488 1245 2530 omnes
1257 2474 1330 2530 clare
1343 2474 1500 2546 intelligetis
1511 2493 1519 2542 ;
1532 2475 1584 2531 boe
1596 2487 1648 2542 est,
1664 2479 1872 2534 resurrectionis
1882 2489 1939 2535 ten-

1149 2577 1209 2638 pus.
1218 2566 1389 2636 Tuncpalam
1398 2565 1433 2623 de
1443 2567 1698 2625 Patreanuuntiabo
1709 2569 1798 2625 vobis.
1810 2568 1874 2626 Nam
1883 2587 1940 2641 qua·

1149 2657 1271 2729 draginta
1287 2658 1382 2714 diebus
1395 2658 1554 2714 versabatur
1567 2658 1788 2733 loquebaturque
1800 2676 1862 2718 erum
1876 2661 1939 2730 illis,

1149 2765 1316 2806 consuescens
1325 2760 1353 2806 et
1363 2764 1501 2821 exponens
1515 2766 1546 2807 ea
1557 2767 1618 2822 que
1630 2751 1666 2808 ad
1681 2768 1798 2824 regnum
1810 2753 1855 2810 liei
1868 2755 1939 2826 perti-
2007 2749 2008 2800 t

1149 2841 1250 2900 nebant
1264 2843 1337 2916 (det.
1353 2843 1379 2899 l.
1393 2844 1420 2900 il.
1434 2840 1480 2920 l).
1494 2843 1571 2901 Nune
1584 2845 1657 2902 enirn
1671 2855 1748 2902 metu
1761 2847 1895 2918 correpti,
1906 2847 1940 2904 di·

1149 2939 1200 2998 etis
1216 2951 1268 2992 non
1284 2934 1441 2993 attenditis:
1465 2946 1528 2994 tune
1550 2937 1747 2994 resuscitatum
1769 2938 1942 3007 ridentes,et
2007 2929 2008 2966 ³

1151 3052 1202 3092 unu
1216 3041 1375 3098 uersantes,
1392 3031 1516 3101 poteritis
1527 3030 1642 3090 tidenter
1652 3035 1751 3090 omnia
1762 3033 1944 3106 discere3quia
2007 3061 2008 3076 u

1148 3130 1229 3187 Pater
1250 3145 1298 3187 vos
1319 3123 1440 3197 amabit,
1456 3139 1518 3185 enm
1540 3134 1630 3181 restra
1650 3125 1691 3183 de
1712 3141 1758 3182 rue
1773 3125 1840 3183 tides
1854 3125 1943 3183 brmiur
2007 3139 2008 3148 ³

1150 3226 1211 3281 erit.
1228 3224 1275 3281 26.
1291 3222 1327 3279 Et
1339 3242 1391 3280 non
1404 3224 1499 3297 rogabo
1514 3217 1630 3279 Patrem.
1646 3218 1758 3278 Sutttctt
1772 3230 1861 3279 vestra
1872 3222 1897 3278 in
1907 3238 1944 3279 me

1149 3318 1256 3374 dileetio
1270 3317 1303 3373 ad
1319 3318 1508 3391 patrecinium.
1523 3318 1569 3374 at.
1586 3314 1653 3387 Qst'n
1673 3331 1721 3371 uus
1742 3332 1784 3371 me
1795 3314 1944 3380 amastis,et
2007 3390 2008 3393 Ἴ

1149 3412 1293 3469 credidistis
1305 3412 1393 3484 quien
1415 3412 1468 3467 Deo
1489 3412 1563 3469 eriri.
1580 3410 1658 3469 Euius
1670 3432 1691 3469 a
1705 3409 1807 3481 Patre,
1821 3418 1844 3465 et
1861 3408 1911 3465 ueni
1921 3408 1944 3463 in
2007 3400 2008 3405 '

1150 3505 1285 3561 mnndum.
1297 3503 1397 3559 iteum
1410 3502 1525 3577 relinquo
1538 3506 1675 3575 nrrtndurn,
1685 3519 1710 3563 et
1720 3507 1830 3565 uadoud
1838 3500 1941 3563 Patren.
2007 3498 2008 3559 l

1149 3597 1217 3652 Gran
1228 3597 1301 3653 enim
1314 3596 1521 3653 resurrectionis
1533 3598 1645 3655 uerbum
1656 3614 1716 3655 non
1726 3615 1824 3671 parum
1834 3614 1879 3656 ees
1888 3613 1944 3654 con·
2007 3596 2008 3631 ³

1149 3694 1263 3747 solatum
1284 3699 1372 3757 esset,
1394 3704 1499 3747 necnon
1514 3692 1586 3763 quod
1601 3692 1732 3750 audirent
1754 3694 1833 3751 illurn
1846 3708 1860 3748 a
1873 3694 1943 3749 Patre
2007 3756 2008 3765 ἶ

1149 3784 1284 3850 exivisse,
1296 3782 1428 3839 eteodem
1441 3782 1548 3853 redire,
1560 3782 1721 3856 frequenter
1734 3786 1783 3842 illa
1797 3794 1894 3843 versat.
1905 3783 1944 3839 lll-
2007 3772 2008 3783 ³

1150 3884 1236 3931 teruru
1249 3875 1320 3931 enirn
1333 3874 1526 3947 pollicebatur,
1538 3876 1612 3948 quod
1624 3886 1701 3933 recte
1715 3878 1743 3933 iu
1757 3868 1943 3949 ipsum'erede·
2007 3864 2008 3921 Ῐ

1149 3976 1225 4032 rent;
1241 3966 1372 4032 alterum,
1389 3966 1460 4035 qnod
1474 3968 1501 4021 in
1524 3974 1582 4023 tute
1595 3981 1657 4023 esse
1680 3967 1826 4027 deberent.
1842 3965 1943 4037 Quando

1149 4058 1231 4131 igitur
1244 4057 1364 4123 dicebat,
1380 4057 1528 4125 Modicum,
1540 4070 1565 4113 et
1576 4075 1627 4114 non
1640 4059 1763 4117 uidebitis
1776 4078 1837 4127 ητις
1856 4070 1878 4116 et
1892 4058 1943 4114 llo·

1150 4148 1243 4217 dieunt,
1256 4159 1280 4204 et
1288 4147 1402 4205 uidebitis
1413 4165 1463 4216 me,
1472 4148 1606 4222 jurequid
1616 4150 1667 4207 sibi
1680 4150 1942 4225 velletignorabantt
2007 4140 2008 4189 f

1150 4258 1222 4299 nune
1233 4258 1297 4299 reru
1310 4259 1363 4299 non
1376 4242 1452 4299 item.
1467 4241 1537 4309 Quid
1551 4251 1643 4299 autem
1666 4246 1822 4317 signifieat,
1840 4244 1883 4301 lle
1901 4260 1943 4299 non
1964 4272 1967 4283 ·
2007 4284 2008 4313 3

1149 4338 1356 4410 interrogabitis?
1382 4338 1441 4395 Non
1465 4338 1580 4405 dicetis,
1607 4338 1725 4397 Ostende
1752 4343 1826 4400 nubis
1850 4340 1944 4396 Patren
2007 4340 2008 4367 ³

1150 4438 1231 4493 tuum,
1241 4437 1278 4496 et,
1290 4428 1346 4497 Quo
1358 4429 1447 4499 uadis(
1454 4427 1533 4485 doun.
1544 4430 1588 4485 ll.
1597 4430 1625 4485 8.
1637 4440 1663 4485 et
1674 4433 1722 4489 lb.
1733 4434 1809 4505 ilbi?
1827 4432 1887 4504 quia
1899 4444 1945 4484 orn·
2007 4474 2008 4479 ,

1149 4521 1177 4577 ni
1191 4522 1343 4592 cognitione
1357 4522 1427 4593 pieni
1443 4522 1529 4590 eritis,
1543 4531 1571 4579 et
1585 4537 1648 4594 erga
1661 4539 1715 4579 sos
1729 4524 1865 4581 alliciatur
1875 4524 1945 4580 Pater
2007 4510 2008 4513 ’

1149 4614 1219 4669 simu
1231 4622 1258 4669 et
1271 4626 1332 4684 ego.
1348 4612 1405 4669 lloc
1419 4614 1536 4669 maxime
1555 4612 1609 4668 illis
1623 4613 1725 4670 bonarn
1741 4631 1821 4687 spem
1836 4613 1927 4670 indidit
1940 4654 1945 4675 ,

1150 4704 1221 4776 quod
1233 4704 1369 4761 discerent
1380 4704 1485 4761 tuturos
1497 4717 1528 4759 se
1540 4703 1613 4760 Patri
1630 4704 1749 4762 amieos.
1763 4705 1829 4763 ldeo
1841 4705 1927 4762 dieunt
1939 4718 1944 4753 :

1149 4795 1195 4851 28.
1211 4794 1238 4849 N
1242 4813 1290 4850 runc
1308 4796 1401 4851 rrimus
1422 4796 1482 4867 quin
1500 4796 1566 4852 nesti
1589 4797 1687 4851 carnia.
1704 4796 1807 4855 Viden’
1821 4792 1947 4868 quomodo
2007 4842 2008 4851 2

1149 4887 1297 4945 seeundum
1323 4887 1448 4945 allectum
1462 4889 1545 4945 animi
1566 4890 1688 4961 ipsorum
1703 4886 1905 4971 responderet!
1919 4882 1947 4938 b't

1182 5115 1218 5177 (u)
1232 5110 1293 5162 Haee
1304 5110 1425 5175 evangelii
1436 5111 1543 5165 musula
1554 5128 1604 5165 non
1614 5114 1711 5179 legitur
1735 5116 1803 5181 apud
1825 5122 1879 5179 tte,
1891 5112 1948 5164 illan

1149 5188 1210 5229 nero
1222 5174 1353 5245 sequeutia
1365 5174 1488 5237 postulare
1500 5176 1622 5239 ridentur,
1634 5179 1775 5243 posuitque
1785 5178 1897 5230 savilius.

1182 5258 1217 5323 (b)
1229 5256 1289 5308 llaee
1300 5268 1345 5307 suo
1356 5264 1435 5331 marte
1447 5257 1535 5331 adjecit
1543 5257 1645 5310 sarilius
1657 5273 1664 5307 τ
1678 5266 1708 5311 et
1716 5260 1822 5325 quidem
1837 5260 1883 5309 boc
1902 5256 1948 5331 loeo

1149 5322 1330 5395 desiderantur,
1344 5327 1392 5393 eta
1404 5318 1582 5392 lubrarns'sunt
1591 5324 1691 5394 amima.
1704 5330 1758 5382 Qua
1770 5323 1805 5373 de
1817 5334 1847 5373 re
1866 5322 1901 5372 sie
1910 5317 1948 5369 dle

1149 5382 1947 5519 emesenae

1148 5505 1948 5645 ,tumretedbeueme

1149 5628 1947 5759 ...laudumo
2007 5644 2008 5705 ³

1151 5756 1184 5809 du
1192 5756 1304 5821 diligenti
1315 5757 1398 5809 terimi
1408 5755 1520 5821 ammte.
1532 5754 1592 5818 Ejus
1603 5746 1754 5818 exemplum
1771 5756 1887 5820 sequuti,
1899 5756 1946 5805 bes
2007 5762 2008 5805 ζ

1151 5833 1206 5885 quae
1217 5818 1601 5884 moxexptteamumdjaetmus.
2007 5854 2008 5863 ,
