4084 6350
291 295 346 353 559

244 393 247 402 ’
292 413 320 468 st
332 412 349 468 11
362 413 407 484 qui
421 427 469 483 per
483 413 594 484 gratiam
609 413 659 468 hoc
672 422 847 483 acceperunt,
863 426 915 468 nort
931 420 1091 468 accusantur

293 517 354 559 cum
366 519 395 559 se
407 503 473 560 deos
483 514 595 571 uocant;
609 505 654 577 qui
664 519 697 560 ex
711 513 805 560 natttra
815 520 863 560 sua
873 504 924 560 ltoc
937 504 1026 571 babet,
1038 519 1092 575 quo

291 595 352 665 iure
366 594 537 666 increpetur?
550 595 650 652 terrm
662 611 714 650 noa
730 599 765 651 ita
779 595 863 663 dixit,
880 596 928 654 sed
940 596 1049 666 demum
1064 598 1091 653 id

291 689 435 759 probarit,
451 698 591 760 postquam
613 688 757 744 demissius
778 689 904 761 loquutus
917 699 958 744 est
972 688 1013 744 bis
1028 704 1091 745 rer·

291 779 350 836 his:
366 779 446 848 Quem
459 780 537 837 Pater
550 783 716 851 sanctificarit
728 792 752 838 et
764 783 848 845 misit:
861 793 888 838 et
900 792 1041 856 postquam
1056 783 1089 838 tt-

292 871 379 928 loraut
392 872 509 930 sororem
522 873 636 939 sedauit,
649 883 712 930 tunc
723 875 823 930 claram
834 874 913 930 adert
922 876 1090 932 demonstra·

186 977 190 983 ·
291 966 403 1024 tionem.
416 967 523 1024 iuterim
535 971 609 1034 acro,
622 977 650 1022 ut
660 966 846 1024 admitteretur
857 968 960 1040 idquod
971 969 1088 1035 dicebat,

291 1059 421 1118 humilias
441 1064 568 1134 loquutus
589 1073 648 1129 est,
665 1063 827 1144 ac3dcmum
846 1064 996 1133 admajara
1016 1065 1089 1134 ipsos

291 1153 418 1220 adducit,
434 1155 545 1211 dicens:
562 1155 606 1210 at.
623 1155 655 1212 si
674 1172 724 1211 aaa
739 1158 895 1228 1001000000
914 1155 1002 1211 Patria
1020 1156 1086 1223 0101,

292 1247 371 1301 nolite
384 1248 486 1303 credere
499 1249 580 1314 atila:
593 1250 638 1306 38.
652 1251 692 1305 sia
706 1261 791 1305 autem
805 1250 883 1321 facio,
900 1252 945 1306 elai
959 1251 1022 1305 attilii
1036 1267 1088 1306 aaa

287 1339 399 1406 creditis,
407 1342 524 1412 operibus
536 1344 599 1398 meis
613 1344 715 1398 credite.
730 1344 824 1403 llidcn'
834 1345 968 1416 quomodo
981 1345 1086 1414 probet,

287 1440 318 1486 ut
328 1432 403 1501 dixi,
417 1448 447 1490 se
461 1435 539 1491 Patre
552 1437 577 1491 in
591 1437 666 1492 nullo
678 1436 834 1493 interiorem
846 1452 923 1504 esse,
937 1437 985 1494 sed
995 1453 1086 1509 mqua-

286 1522 339 1578 lem
354 1525 485 1581 omnino?
499 1525 565 1595 Quia
577 1527 648 1582 enim
663 1542 716 1584 non
728 1537 832 1598 poterat
843 1527 991 1584 substantia
1002 1527 1086 1598 ipsias

284 1616 388 1686 uideri,
410 1619 444 1674 ab
465 1634 576 1689 operum
592 1621 744 1691 aequalitate
764 1625 791 1676 el
813 1621 952 1678 identitate
974 1619 1086 1692 :equalis

284 1713 426 1780 potestatis
440 1711 697 1769 demonstrationem
712 1713 799 1768 atl'ert.

319 1803 345 1856 5.
359 1801 476 1872 Ecquid,
490 1819 599 1874 quaeso,
613 1803 777 1860 credemus?
792 1804 866 1872 Quod
887 1811 936 1875 eqo'
951 1803 978 1858 ia
992 1803 1082 1872 Patre,

285 1903 309 1947 et
325 1892 440 1948 Pateria
454 1911 492 1948 me
509 1897 551 1949 sit.
567 1894 638 1950 Nihil
660 1896 731 1952 caim
755 1895 827 1950 aliud
843 1908 892 1966 ego
906 1909 976 1960 sum,
1003 1910 1083 1967 qaam

282 1983 371 2050 Pater,
387 2000 499 2041 manens
513 1985 615 2055 Filium
629 1986 695 2042 ailtil
707 1987 834 2042 alittdest
848 1987 902 2054 ille,
917 2003 996 2058 qnam
1011 1989 1084 2058 quod

281 2089 342 2144 ego,
357 2091 469 2134 manens
479 2077 576 2134 Pater:
592 2079 673 2150 etqui
687 2079 823 2145 menorit,
838 2079 913 2134 nouit
923 2089 950 2134 et
962 2079 1081 2148 Patrem,

224 2169 228 2176 “
281 2163 432 2238 Filiumque
444 2167 545 2225 didicit.
559 2167 635 2238 Quod
648 2170 670 2224 si
680 2171 795 2238 potcntia
808 2169 895 2226 minor
909 2179 990 2238 esset,
1000 2171 1081 2226 etiam

279 2259 397 2328 cognitio
407 2258 472 2316 tatsa
481 2272 562 2316 esset.
575 2260 666 2333 Neque
675 2261 745 2318 enim
758 2261 810 2316 alia
821 2276 869 2333 per
877 2261 957 2317 aliam
965 2263 1005 2318 uel
1014 2263 1081 2320 sub·

279 2350 376 2406 stantia
387 2351 430 2408 rel
441 2351 558 2422 potentia
567 2353 633 2410 disci
644 2362 742 2424 potest.
750 2353 795 2410 39.
803 2351 942 2409 Voluerunt
953 2370 1012 2426 erqo
1022 2351 1081 2409 eum

278 2443 617 2514 uppreitertdereseteaiittle
625 2446 844 2514 timotianorum,
853 2447 898 2503 li).
911 2447 1079 2504 eutitianae

278 2533 434 2606 tardarem,
449 2536 492 2592 arbi
504 2548 558 2594 erat
574 2537 688 2594 Joaaaea
703 2540 835 2612 baptizem
848 2541 1027 2608 0010100111.
1041 2541 1077 2596 tir

176 2629 179 2646 '
278 2629 352 2684 atulti
368 2642 487 2686 aramum
505 2633 540 2686 ad
561 2649 637 2699 eum,
654 2641 679 2687 et
694 2631 809 2689 dicebaut
821 2649 831 2688 :
842 2632 956 2689 loannes
977 2633 1079 2704 quidem

278 2723 378 2795 siquam
402 2725 597 2796 [001100110οη
619 2729 704 2798 oataia
729 2737 814 2782 autem
835 2743 999 2798 quecumque
1012 2727 1078 2782 dixit

278 2815 391 2874 Joarmea
403 2818 436 2874 de
448 2820 514 2886 irae,
527 2837 586 2876 aera
608 2831 675 2878 aaut.
700 2821 846 2894 Postquam
860 2822 932 2878 enim
947 2836 1075 2892 maguum

278 2910 413 2984 quidpiam
425 2921 452 2968 et
465 2911 582 2969 'sublime
593 2913 671 2980 dixit,
682 2915 773 2970 statim
786 2913 898 2980 secedit,
913 2915 1020 2970 illorum
1031 2929 1077 2972 ce·

277 3002 345 3058 tiens
359 3002 454 3084 iugeri,
470 3013 498 3060 ut
512 3019 561 3076 per
573 3006 721 3062 absentiam
739 3006 809 3062 illius
823 3006 933 3063 sedetur
945 3017 972 3063 et
984 3009 1075 3079 sopia-

276 3107 329 3150 tur.
339 3095 415 3166 Quud
425 3085 510 3162 ,etiam
528 3099 670 3155 tunclecit.
683 3097 735 3155 Sed
745 3115 794 3155 cur
807 3099 968 3170 evangelista
985 3101 1073 3157 locuta

276 3188 392 3245 iutlicat?
405 3190 439 3246 Ut
449 3190 535 3248 diseas
551 3194 636 3263 ipsum
646 3192 706 3249 iden
722 3194 789 3248 istuc
803 3194 912 3259 abiisse,
926 3203 956 3249 ut
969 3195 1035 3265 ipsis
1046 3197 1073 3252 in

276 3282 432 3339 memoriam
449 3283 493 3338 illa
514 3294 672 3354 revocaret,
687 3300 747 3357 quae
761 3284 878 3342 loannes
898 3285 953 3342 illie
972 3286 1075 3343 lecerat

274 3374 451 3447 dixeratque,
476 3392 581 3434 necnon
602 3378 785 3435 testimonium
810 3378 904 3450 ipsius.
925 3378 1083 3451 lstucerqo,

275 3480 337 3521 cum
358 3468 515 3537 venisseut,
529 3470 619 3525 statim
635 3469 746 3526 loannis
760 3471 891 3527 recordati
914 3479 995 3539 suat;
1010 3471 1084 3543 ideo,

274 3559 376 3628 dicuat,
392 3560 506 3617 laaauer
520 3564 619 3619 auitum
637 3565 697 3635 [ecit
709 3565 828 3637 siquenm
844 3580 905 3619 nam
920 3565 987 3621 alias
1006 3566 1072 3637 quid

273 3654 378 3711 adrem
394 3654 502 3713 iecisset
517 3655 544 3711 id
565 3656 686 3715 adderet
703 3657 753 3715 sed
769 3659 831 3730 quia
846 3658 921 3715 locus
943 3658 1082 3731 baptistae.

179 3818 185 3833 ι
273 3748 433 3805 memoriam
451 3751 604 3816 revocarit,
628 3764 734 3807 necnon
748 3751 807 3822 eius
826 3751 983 3808 testimonii.
1003 3748 1072 3809 lide

272 3849 361 3897 autem
372 3856 452 3913 quam
471 3852 559 3899 certos
576 3841 745 3915 syllogismos
757 3844 1070 3912 concinnenttoanaes,

271 3932 407 4004 inquiunt,
421 3932 523 3990 nulium
537 3934 599 3991 lecit
611 3934 735 4007 siguum
762 3936 806 3993 iric
821 3937 896 4011 signa
909 3936 972 3993 lacit
986 3954 993 3992 ε
1007 3939 1071 3995 ltine

270 4042 336 4098 ergo
353 4027 411 4098 ejus
426 4028 605 4098 precellentis
618 4030 777 4087 ostenditur.
790 4030 819 4088 Si
838 4046 902 4103 erqo
917 4032 954 4088 illi
964 4031 1069 4089 rtullme

270 4119 375 4190 siquam
395 4119 485 4177 edenti
501 4122 682 4189 credidimus,
697 4123 880 4192 multomagis
898 4124 959 4181 ltuic
972 4124 1080 4193 eredeq.

270 4227 340 4269 mus.
356 4214 468 4282 Deinde,
482 4215 544 4286 qnia
557 4212 675 4272 ioannes
684 4223 744 4271 erat
756 4215 802 4284 qui
814 4214 995 4271 testimonium
1007 4231 1070 4287 per·

269 4303 405 4372 hibuerat,
422 4322 456 4362 ue
465 4308 527 4377 quia
543 4306 649 4378 siquam
661 4322 714 4363 nott
727 4307 838 4373 lecerat,
849 4302 973 4377 indignius
982 4306 1069 4366 luisse

269 4404 410 4467 putaretur
424 4396 471 4468 qui
492 4399 675 4455 testimonium
689 4398 782 4463 terret,
799 4396 945 4467 adjiciunt,
961 4398 1068 4455 etiamsi

269 4490 375 4559 signum
387 4505 443 4545 nou
455 4490 558 4560 lecerit,
573 4507 636 4548 rera
647 4502 736 4548 tamen
755 4490 845 4547 omnia
858 4490 892 4548 de
904 4490 1013 4547 Christo
1023 4491 1067 4547 di·

267 4584 351 4651 xissc,
366 4584 403 4641 ita
424 4594 453 4640 ut
467 4602 520 4642 noa
535 4578 660 4645 Christus
673 4601 707 4643 ex
720 4586 778 4654 illo,
793 4586 841 4642 sed
854 4585 900 4641 iile
921 4602 958 4643 ex
974 4588 1067 4657 operi·

267 4678 319 4737 bus
330 4680 429 4738 Christi
445 4682 497 4739 ltde
509 4682 605 4755 diguus
615 4684 770 4741 haberetur.
785 4682 830 4739 ta.
843 4682 920 4738 llulti
934 4700 994 4756 erqo
1008 4700 1067 4740 ere-

267 4776 387 4831 diderunt
399 4779 426 4833 ia
449 4794 516 4835 eam.
538 4776 620 4834 llalta
633 4778 705 4835 caim
721 4778 782 4833 illos
794 4775 981 4847 attrahebant,
997 4777 1066 4834 liam

268 4872 403 4927 recordati
416 4880 481 4928 sunt
496 4870 641 4927 verborum
657 4872 734 4942 ejus,
748 4886 809 4927 cum
823 4872 911 4941 ipsum
924 4886 955 4927 se
972 4870 1068 4928 tortio-

266 4980 325 5019 rcm
337 4964 454 5031 dicebat,
466 4964 565 5033 iucem,
579 4965 671 5031 vitam,
690 4964 828 5020 veritatem
843 4972 994 5035 caeteraque
1007 4981 1068 5020 om·

267 5058 321 5125 uia;
333 5059 409 5114 uocis
419 5072 526 5129 quoque
540 5056 656 5128 desuper
667 5056 755 5115 allate
767 5100 775 5125 ,
788 5056 958 5129 spiritusque
974 5059 1067 5128 specie

265 5150 399 5208 columba
410 5151 574 5220 apparentis,
596 5152 735 5222 ipsumque
749 5152 873 5208 omnibus
885 5150 1065 5216 ostendentis.

267 5241 308 5297 tld
329 5241 387 5297 ltaec
400 5241 590 5297 miraculorum
612 5242 807 5299 demonstratio
828 5241 988 5306 accedebat:
1003 5257 1066 5312 ¹qua

269 5332 506 5391 nonlirmabaatur.
516 5332 582 5389 Nam
591 5335 613 5390 si
623 5336 730 5398 ioanni,
742 5336 873 5406 inquiunt,
885 5332 1064 5399 credendum,

265 5430 451 5501 multomagis
472 5428 545 5486 huic.
568 5428 595 5485 Si
614 5430 715 5500 absque
729 5428 813 5499 signis
828 5428 864 5481 1111
889 5426 1066 5489 credidimus,

261 5524 350 5579 turrito
367 5523 451 5595 magis
466 5522 539 5589 lruic,
554 5522 599 5593 qai
614 5523 685 5578 illius
696 5519 850 5577 testimonio
860 5516 1022 5581 celebratus,
1037 5526 1068 5573 et

261 5632 296 5669 rx
308 5616 391 5685 signis
405 5616 604 5672 demonstratas
619 5622 671 5672 est.

300 5706 484 5777 Tranquillitas
498 5718 623 5778 quantum
637 5710 731 5762 atrimae
745 5708 835 5775 praeit.
849 5705 942 5761 duimu
955 5720 971 5757 o
985 5718 1069 5775 neqo-

264 5798 306 5857 tiia
317 5812 420 5862 racana,
436 5797 461 5851 ia
474 5796 638 5867 portueedet.
653 5798 791 5855 ttartteran
803 5797 961 5869 afficiam-
968 5792 1067 5875 Videas

649 295 675 352 S.
695 295 834 354 tttutmts
851 292 1089 352 mulsostottt
1108 292 1266 352 tactttttt’.
1287 293 1553 355 cltus'tmmttor.

1888 296 1945 356 510

1145 418 1274 479 quantum
1289 410 1341 465 illis
1354 411 1428 467 locus
1447 410 1593 481 profuerit,
1609 422 1737 484 qttautttta
1761 416 1944 486 sequestratio

1144 513 1161 553 a
1180 501 1243 554 uiris
1265 501 1415 571 improbis?
1435 503 1497 559 idea
1517 503 1577 560 ilias
1596 503 1801 576 trequenter'ab
1825 508 1942 564 istorum

1144 593 1280 648 consortio
1295 593 1412 652 abducit.
1429 594 1504 663 Quod
1527 597 1609 652 etiam
1626 597 1753 656 inceleri
1769 599 1828 670 leqe
1841 598 1945 658 iecisse

1143 684 1363 755 deprehenditur.
1376 686 1484 743 iudans
1498 688 1591 760 procul
1601 689 1777 764 ahAEqpptiis
1789 691 1816 748 itt
1830 691 1944 750 deserto

1143 777 1340 847 informasset
1352 781 1427 836 sicia
1441 783 1724 843 omnihusiastitueas.
1737 784 1765 843 td
1775 786 1846 858 quod
1856 787 1944 844 etiam
1960 836 1964 842 .

1144 870 1222 925 uoltis
1235 872 1384 936 taciendam
1398 875 1503 941 suadet,
1515 876 1613 945 jubeas
1626 878 1713 934 loram
1725 877 1823 944 vitare,
1839 879 1942 935 tautol-

1143 969 1252 1032 tumqac
1265 973 1293 1020 et
1306 967 1421 1032 turbam,
1434 976 1514 1038 atque
1525 969 1551 1023 ia
1564 968 1940 1043 cubiculutraaqttillearare.

1141 1053 1267 1113 Narieala
1280 1058 1353 1112 enim
1364 1067 1522 1131 tempestate
1532 1076 1585 1116 non
1597 1063 1706 1133 agitata,
1722 1063 1841 1120 meando
1854 1074 1943 1120 reato

1141 1149 1248 1218 nauigat
1264 1168 1271 1205 :
1287 1151 1430 1222 animaque
1442 1166 1458 1207 a
1472 1152 1587 1223 negotiis
1600 1169 1700 1211 vacans
1713 1158 1739 1212 in
1755 1166 1833 1226 portu
1847 1155 1939 1212 sedet.

1141 1239 1257 1313 ideoque
1279 1239 1406 1301 mulieres
1437 1244 1613 1316 philosophia
1631 1242 1844 1319 magis'deditas
1874 1263 1941 1304 esse

1139 1344 1287 1406 oporteret,
1303 1351 1383 1405 quam
1394 1337 1476 1405 viros,
1488 1354 1549 1408 qum
1559 1339 1597 1394 rei
1614 1339 1736 1396 tamtttart
1746 1350 1776 1398 ιιι
1790 1340 1940 1412 plurimam

1140 1424 1307 1485 incumbunt:
1322 1431 1367 1487 Sic
1381 1428 1464 1488 lamb
1476 1434 1624 1505 simplicior
1636 1436 1695 1501 luit,
1712 1435 1758 1506 qui
1768 1435 1841 1492 domi
1857 1435 1940 1492 habi-

1140 1528 1224 1586 taret,
1248 1537 1264 1576 a
1289 1523 1445 1578 tumultibus
1468 1523 1546 1580 libcr.
1562 1523 1655 1597 Neque
1677 1527 1749 1582 carim
1773 1526 1833 1584 siae
1853 1541 1940 1583 causa
1996 1577 2004 1590 ,

1138 1611 1196 1669 trac
1210 1613 1349 1685 Scriptura
1370 1615 1446 1682 dixit,
1463 1609 1590 1672 Habitum
1606 1618 1709 1673 douram
1724 1618 1801 1691 (Gerr.
1815 1619 1862 1676 25.
1874 1619 1938 1691 at).

1137 1707 1218 1777 atqui
1230 1705 1302 1762 domi
1313 1709 1405 1773 etiam,
1420 1709 1536 1779 inquies,
1553 1726 1667 1782 maqttus
1679 1713 1819 1768 tumultus.
1842 1711 1939 1784 Siqui-

1136 1796 1197 1854 dem
1212 1804 1240 1853 la
1255 1799 1305 1870 ris,
1320 1809 1348 1855 et
1361 1800 1458 1856 multas
1473 1801 1519 1856 tibi
1532 1801 1645 1858 attrahis
1655 1818 1743 1861 curas.
1757 1803 1805 1860 Vir
1816 1815 1893 1862 certe
1907 1805 1939 1862 itt

1135 1888 1225 1944 medio
1239 1890 1307 1956 iuro,
1323 1900 1352 1947 et
1364 1906 1414 1962 pro
1427 1891 1563 1960 tribunali,
1576 1895 1696 1950 externis
1705 1895 1787 1952 rebus
1797 1897 1939 1967 quasilla·

1135 1981 1223 2037 ctibus
1234 1982 1349 2054 agitatur
1365 1984 1566 2052 :mulierrerm
1580 2000 1629 2042 seu
1641 1986 1668 2042 in
1682 1987 1799 2059 quodam
1813 1987 1939 2059 philoso-

1134 2074 1206 2143 pltiae
1218 2077 1367 2148 &maasia
1384 2076 1457 2132 domi
1470 2078 1579 2146 sedens,
1594 2089 1712 2136 merrtem
1726 2080 1867 2153 colligens,
1882 2097 1938 2153 po·

1135 2165 1198 2222 terit
1214 2176 1242 2221 et
1255 2165 1382 2237 precibus
1400 2176 1429 2224 et
1450 2167 1560 2242 lectioni
1572 2172 1730 2242 caterisque
1754 2171 1937 2244 philosophiae

1133 2259 1269 2314 exercitiis
1283 2259 1448 2317 incumbere.
1462 2264 1501 2318 lle
1513 2263 1736 2334 quemadmodum
1747 2266 1766 2321 ii
1782 2267 1828 2338 qui
1838 2266 1938 2325 deser·

1133 2362 1190 2407 mm
1204 2353 1334 2422 incolunt,
1347 2367 1363 2408 a
1378 2354 1655 2412 aemineturbamur:
1666 2356 1706 2414 sic
1715 2357 1812 2415 mulier
1822 2374 1939 2432 semper

1132 2444 1204 2499 intus
1219 2459 1341 2511 manens,
1357 2454 1486 2517 perpetua
1497 2449 1595 2522 poterit
1608 2447 1660 2506 irui
1676 2449 1881 2522 tranquillitate.
1903 2451 1938 2510 Si

1131 2538 1239 2610 quando
1252 2550 1341 2596 autem
1350 2540 1431 2596 dame
1444 2541 1478 2596 sit
1487 2542 1651 2611 exeundum,
1661 2543 1733 2600 nulla
1748 2543 1811 2600 iude
1824 2553 1938 2616 pertur-

1131 2630 1247 2688 bationis
1262 2647 1354 2689 causa.
1366 2633 1430 2690 Sive
1441 2633 1513 2690 enim
1527 2634 1555 2690 in
1569 2635 1710 2691 ecclesiam
1729 2635 1857 2704 veniant,
1872 2636 1938 2694 sire

1130 2723 1299 2782 adhalncum
1321 2727 1356 2782 sit
1380 2728 1562 2799 pergendum,
1582 2743 1653 2798 saepe
1667 2736 1798 2798 coquatur
1818 2727 1937 2800 quidem

1129 2817 1257 2873 mulieres
1271 2819 1345 2873 exire
1361 2836 1368 2873 :
1387 2818 1570 2890 utplurimum
1582 2825 1671 2874 autem
1683 2806 1758 2874 'domi
1770 2817 1848 2875 sedet
1865 2834 1936 2875 mu-

1129 2909 1190 2974 lier,
1205 2919 1347 2980 potestque
1361 2908 1557 2980 philosophari,
1571 2909 1816 2981 adventantemque
1836 2911 1935 2966 viram

1128 2997 1314 3071 perturbatam
1337 3003 1442 3068 sedare,
1457 3015 1639 3072 compescere,
1655 2999 1806 3072 superfluos
1819 3016 1853 3056 ac
1865 3016 1936 3057 mo·

1128 3094 1210 3151 lestos
1223 3095 1282 3166 ejus
1296 3089 1428 3167 cogitatus
1437 3092 1588 3164 eliminare,
1601 3103 1630 3151 et
1642 3095 1683 3152 sic
1696 3109 1789 3151 rursus
1801 3095 1936 3154 emittere

1127 3191 1201 3245 curris
1214 3192 1240 3245 ut
1261 3189 1321 3246 loro
1337 3190 1471 3261 susceptis
1491 3205 1622 3260 uacuum,
1641 3199 1670 3249 et
1683 3191 1753 3247 hona
1775 3205 1836 3263 quae
1851 3189 1935 3247 domi

1127 3281 1222 3337 didicit
1235 3297 1326 3337 secum
1342 3282 1484 3338 terentem.
1495 3281 1567 3338 tlttttt
1579 3285 1663 3351 enim,
1679 3282 1745 3338 nihil
1758 3282 1853 3354 utique
1867 3281 1935 3338 l'or-

1126 3375 1180 3429 tius
1194 3372 1308 3429 muliere
1330 3372 1372 3444 pia
1395 3383 1423 3430 et
1448 3373 1597 3444 prudente,
1624 3382 1654 3429 ut
1672 3375 1758 3430 uirum
1780 3373 1934 3445 talormet,

1125 3465 1237 3537 ejusque
1250 3465 1379 3531 animani,
1396 3466 1560 3533 utroluerit,
1577 3466 1709 3523 instituat.
1725 3465 1784 3522 Nou
1797 3468 1932 3537 amicos,

1125 3573 1179 3614 noa
1193 3557 1329 3625 doctores,
1338 3574 1394 3613 aon
1406 3559 1540 3631 principes
1550 3558 1663 3630 perinde
1673 3559 1752 3625 teret,
1768 3568 1797 3615 ut
1809 3574 1934 3619 uxorem

1123 3661 1291 3717 monentem,
1304 3659 1332 3707 et
1341 3635 1609 3707 coasilit'rm'dautem.
1624 3649 1734 3707 hlonitio
1748 3650 1848 3723 quippe
1863 3652 1935 3710 talis

1124 3760 1186 3801 cum
1199 3743 1314 3816 quadam
1329 3744 1465 3815 uoluptate
1479 3744 1622 3815 conjuncta
1635 3751 1693 3811 est,
1704 3742 1776 3815 quod
1790 3743 1835 3800 illa
1849 3746 1933 3802 mul·

1124 3847 1181 3895 tum
1199 3847 1315 3895 ametur.
1340 3836 1436 3893 blattas
1461 3852 1568 3908 possem
1592 3834 1689 3894 alterae
1706 3841 1779 3894 uiros
1796 3851 1930 3909 asperos,

1124 3933 1329 4005 irumpriqeros,
1344 3932 1379 3988 ab
1402 3932 1530 3989 uxoribus
1554 3932 1699 4004 mitigatos.
1722 3932 1796 3991 Uxor
1815 3934 1872 3990 viri
1903 3946 1934 3993 et

1123 4036 1266 4085 mensaet
1285 4028 1346 4083 lecti
1367 4035 1394 4083 et
1413 4026 1560 4083 liberomm
1580 4028 1775 4098 procreationis
1795 4042 1931 4099 consors,

1122 4122 1181 4191 ipsa
1191 4120 1299 4177 conscia
1312 4119 1445 4185 dictorum
1456 4129 1662 4185 etareaaorum,
1673 4121 1810 4191 ingressus
1822 4130 1852 4176 et
1864 4124 1933 4178 exi·

1122 4222 1178 4280 tus,
1199 4212 1429 4284 plurimorumque
1441 4211 1567 4281 aliorum,
1582 4213 1609 4267 iu
1623 4212 1749 4269 omnibus
1762 4212 1864 4268 marito
1878 4213 1932 4271 de·
2019 4255 2020 4264 ,

1123 4305 1189 4374 dita,
1203 4316 1232 4363 et
1245 4307 1284 4361 sic
1299 4305 1338 4362 illi
1348 4305 1453 4376 juncta,
1467 4314 1497 4360 nt
1514 4321 1563 4377 par
1578 4314 1620 4361 est
1633 4319 1732 4377 corpus
1743 4306 1824 4376 capia
1834 4320 1931 4379 copu-

1122 4400 1183 4464 lari,
1196 4401 1219 4456 si
1238 4399 1356 4470 pmdeas
1367 4399 1402 4454 sit
1416 4406 1444 4454 et
1455 4397 1584 4470 diligens,
1600 4399 1749 4471 plusquam
1760 4413 1861 4455 amnes
1879 4400 1930 4457 alii

1122 4492 1265 4564 conjugem
1280 4491 1380 4548 latebit
1391 4500 1419 4547 et
1431 4490 1546 4546 curabit.

1157 4587 1186 4643 4.
1200 4584 1294 4641 Uxoris
1308 4583 1454 4639 ciriatiaaoe
1466 4581 1558 4654 oqeadi
1567 4583 1634 4637 ratio
1646 4582 1731 4655 qualia
1741 4599 1797 4640 erte
1809 4592 1929 4654 debean

1121 4680 1196 4752 quale
1214 4679 1247 4733 ait
1266 4678 1349 4749 ipsias
1368 4692 1455 4732 amm
1477 4676 1787 4747 dacae-Quamobrem
1805 4677 1927 4747 hortor,
2018 4705 2019 4720 ι

1122 4783 1152 4829 ιιι
1175 4786 1284 4845 operam
1295 4770 1334 4826 1111
1348 4770 1388 4826 rei
1402 4769 1477 4836 dent,
1492 4780 1521 4826 et
1533 4786 1593 4841 qua
1607 4771 1704 4841 decent
1722 4770 1868 4829 suadeant.
1894 4775 1930 4832 tlt

1122 4867 1194 4923 enim
1208 4865 1242 4918 ad
1256 4864 1470 4928 uirtutemuror,
1482 4862 1522 4920 sic
1535 4871 1563 4919 et
1574 4864 1610 4921 ad
1628 4865 1774 4937 nequitiam
1789 4866 1930 4924 inducen-

1122 4958 1184 5014 dam
1199 4957 1310 5012 inultam
1323 4957 1377 5012 rim
1401 4956 1488 5013 habet
1511 4955 1606 5013 liulier
1631 4958 1805 5023 Absalouem,
1821 4958 1929 5017 mulier

1122 5056 1272 5126 emtionem
1296 5051 1422 5122 perdidit,
1448 5051 1546 5109 melier
1565 5050 1665 5107 totum
1688 5052 1802 5122 perdere
1823 5064 1929 5109 conata
2017 5099 2018 5102 ,

1121 5156 1165 5203 est
1178 5163 1185 5200 :
1199 5161 1267 5202 uxot
1279 5145 1407 5202 Naltalem
1419 5160 1435 5201 a
1445 5145 1633 5216 caedecripuit,
1645 5145 1742 5201 mulier
1752 5156 1836 5203 totam
1853 5164 1929 5220 gen·

1122 5245 1177 5294 tem
1194 5237 1321 5292 serravit.
1336 5236 1402 5291 llam
1416 5236 1521 5292 bebere
1535 5245 1564 5292 et
1586 5234 1695 5301 iudith,
1710 5246 1737 5293 et
1751 5231 1812 5292 aliae
1827 5240 1928 5294 multas

1122 5422 1160 5476 ait
1174 5439 1181 5475 :
1196 5420 1265 5487 Quid
1283 5418 1350 5473 raim
1364 5420 1431 5494 aab,
1446 5420 1556 5487 mulier,
1574 5436 1609 5473 ott
1621 5420 1703 5474 airum
1721 5418 1822 5474 auitam
1843 5423 1928 5493 [actea

1122 5512 1163 5583 (l.
1180 5511 1239 5567 Car.
1253 5498 1279 5567 qj
1296 5511 1362 5581 tull
1378 5510 1485 5580 illisque
1501 5512 1667 5581 temporibus
1681 5511 1807 5580 Persida,
1825 5521 1855 5568 et
1869 5512 1928 5567 lla·

1122 5604 1192 5669 riam
1212 5613 1239 5657 ct
1254 5602 1413 5665 Priscillam,
1427 5602 1581 5671 apostolicis
1593 5602 1787 5659 certaminibus
1805 5616 1838 5659 ee
1850 5604 1929 5660 dedi·

1123 5696 1197 5751 disse
1214 5694 1314 5750 scimus
1328 5692 1415 5765 (Rom.
1426 5691 1482 5765 to).
1498 5693 1571 5764 Quas
1582 5703 1609 5751 et
1621 5708 1672 5750 ros
1684 5694 1782 5750 imitari
1798 5694 1926 5761 debetis,

1121 5329 1315 5399 imperatorum
1331 5328 1415 5397 probe
1433 5326 1533 5383 iuncta
1547 5338 1609 5383 sum
1622 5327 1720 5384 oldcio.
1735 5329 1799 5385 ldec
1821 5329 1928 5386 Paulus
2016 5381 2017 5384 ,

1121 5803 1174 5845 uec
1187 5787 1277 5843 uerbis
1286 5786 1384 5855 001010,
1399 5787 1446 5843 sed
1459 5788 1539 5845 etiam
1554 5786 1681 5861 operibus
1690 5787 1822 5861 coujuqes
1834 5788 1927 5846 ittior-
2015 5789 2016 5802 ¹
