4084 6350
158 318 204 380 III
607 317 641 377 IN
659 315 817 377 tondbert
835 316 955 380 bonis.
975 319 1121 382 xxxvttt.
1141 325 1179 382 al.
1199 324 1332 385 xxxvtt.
1745 334 1800 396 stt

157 434 219 512 qood
236 447 304 492 rane
317 433 427 507 pletatis
450 432 556 507 signum
570 433 710 492 cubilar
725 434 798 492 erim
818 434 905 491 lorum
920 446 948 493 et
1004 437 1044 495 Ex
1063 436 1272 499 comminatione
1293 443 1393 518 quippe
1416 445 1526 502 timebat
1537 447 1649 520 nequid
1660 448 1712 505 sibi
1723 451 1800 508 dcte·

50 552 55 579 =
155 533 301 590 ambulacra
316 528 435 602 petebat,
448 543 535 601 neque
547 529 608 586 cibo
618 528 765 586 etdesidiae
775 544 806 586 se
815 529 943 598 dedebat,
1001 523 1248 606 riuscontingsret,
1258 549 1321 592 cum
1331 538 1447 594 maxIma
1458 538 1571 596 baberet
1580 543 1722 612 potestatis
1734 547 1801 602 tanti

154 627 195 684 red
206 627 232 681 in
245 624 352 694 templo
368 622 483 696 degebat
497 641 505 679 z
520 623 627 680 etiamsi
640 621 717 678 illinc
730 637 760 680 se
774 624 810 679 ab
819 622 945 680 omnibns
1002 623 1102 682 medici
1116 635 1284 698 argumenta.
1310 629 1436 702 Alioquin
1450 632 1474 688 si
1486 633 1645 692 calumniari
1659 636 1799 707 voluisset,

154 718 298 795 pellendum
310 724 499 788 exspectaret,
512 713 581 772 nibil
594 716 646 787 ipsi
659 716 759 784 suasit,
773 724 803 771 ut
815 731 831 772 a
844 716 945 788 templo
1001 733 1055 775 non
1068 731 1217 778 memorata
1229 723 1355 792 sanitate,
1379 727 1622 798 transgressionem
1641 738 1743 788 notum
1756 734 1801 790 iu·

154 809 305 870 discederet
320 804 391 864 eum
405 822 471 880 ergo
484 805 608 865 cbristus
621 807 698 864 illum
711 808 861 865 invenisset
872 818 945 879 post·
1000 823 1133 870 arsames.
1161 816 1197 871 bt
1207 823 1302 873 contra
1316 817 1362 875 iile
1375 820 1471 892 magna
1491 835 1553 876 cum
1581 820 1678 880 ilducIa
1690 833 1719 881 et
1731 826 1800 897 grati

156 921 234 982 quarn
244 918 301 962 eun
314 900 421 962 Iudaeis
433 903 561 976 loquutus
580 901 684 968 iuerat,
707 901 772 958 nibil
789 901 944 974 hujusmodi
999 907 1082 962 animi
1097 907 1293 980 significatione
1312 911 1474 969 benedicinus
1497 912 1627 983 celebrat,
1641 931 1696 972 non
1711 918 1802 976 minus

160 998 337 1060 subindicavit.
363 997 441 1069 Quod
455 998 479 1054 si
492 996 544 1053 bac
555 997 591 1055 de
609 1011 641 1053 re
655 995 730 1054 illum
750 1011 879 1057 accusare
900 1012 947 1053 vo-
998 1011 1079 1068 quam
1092 1012 1181 1055 cacas
1194 998 1251 1068 ille,
1263 1001 1310 1072 qui
1321 1000 1438 1071 dicebat,
1453 1001 1548 1059 ιιιιιιιιι
1559 1005 1759 1080 fantasmata,
1775 1019 1799 1066 at

162 1073 259 1161 luisset,
270 1092 383 1151 dixisset
397 1090 436 1146 iili
449 1109 456 1146 ι
471 1089 575 1148 Rursus
585 1089 614 1146 iu
628 1089 724 1147 iisdem
737 1090 877 1162 persistis,
893 1105 943 1147 nec
998 1090 1072 1146 aaran
1083 1091 1170 1147 oculor
1181 1107 1250 1148 meos
1261 1091 1357 1167 (ioan.
1373 1095 1401 1152 9.
1417 1095 1454 1167 6)
1468 1112 1476 1161 ;
1491 1097 1527 1152 ita
1540 1105 1569 1155 et
1580 1098 1625 1154 bic
1638 1117 1645 1154 :
1659 1097 1738 1158 Iesus
1756 1112 1801 1160 est

160 1202 187 1244 cr
208 1193 364 1258 recuperata
386 1181 542 1240 valetudiue
561 1180 648 1240 iactas
667 1197 698 1238 ss
710 1182 830 1240 meliori
842 1182 943 1239 lerum
997 1183 1043 1254 qui
1054 1182 1169 1241 iecitme
1180 1200 1286 1242 sanum
1303 1186 1348 1243 to.
1364 1184 1506 1260 Propterea
1518 1194 1734 1264 peragrabantsr
1745 1195 1796 1252 Is·

156 1277 211 1334 sibit
224 1275 291 1332 dicit
313 1272 489 1346 huiusmodi,
511 1273 560 1332 sed
581 1273 608 1330 in
633 1283 771 1346 posterum
793 1275 941 1332 cautiorem
996 1273 1182 1331 doeilesarraet
1196 1277 1312 1332 noidant
1333 1279 1407 1335 iliam
1426 1282 1589 1352 inteficere,
1609 1286 1672 1356 qaia
1686 1287 1740 1342 iras
1751 1287 1796 1358 [a-

153 1367 239 1426 rsddit.
996 1365 1076 1422 sidat
1085 1367 1235 1424 iamdicta.
1250 1367 1319 1438 Quid
1334 1385 1398 1444 ergo
1411 1370 1558 1431 Cbristnsl
1573 1376 1618 1431 I'l.
1630 1374 1711 1433 Pater
1722 1395 1794 1436 stass

180 1461 376 1519 adorantem
387 1475 449 1518 cum
462 1460 574 1518 claudos
586 1469 615 1518 et
628 1461 737 1518 mutilos
760 1470 853 1528 curat,
875 1461 942 1518 nibil
995 1473 1076 1530 srqra
1088 1461 1164 1516 noda
1175 1472 1306 1532 operator,
1318 1472 1343 1519 at
1355 1480 1512 1537 aqaapnan
1526 1467 1640 1536 Quando
1650 1469 1797 1544 discipulos

150 1555 295 1628 hjbsmodi
308 1554 520 1628 loquitupfflihi
535 1555 644 1628 quidem
659 1555 766 1612 ridetur
781 1556 823 1613 his
832 1555 941 1627 quidem
994 1547 1141 1608 defendere
1166 1553 1322 1623 oporiehal,
1344 1554 1471 1614 Davidem
1498 1559 1604 1616 illoram
1630 1576 1793 1621 conservum

149 1650 264 1706 morbum
278 1648 307 1704 in
320 1655 490 1720 peccatomm
500 1662 608 1720 poeuam
620 1648 739 1714 senisse,
752 1647 813 1705 aliis
826 1663 893 1706 vero
906 1661 940 1704 ex
994 1639 1022 1696 iu
1035 1642 1154 1699 medium
1165 1643 1313 1702 aderebat:
1326 1645 1388 1703 Nor
1401 1648 1507 1723 legistis,
1521 1652 1617 1723 inquit,
1632 1653 1695 1724 qaid
1707 1657 1796 1729 {eamr

148 1757 270 1814 poppam
291 1741 457 1799 infirmitate,
483 1740 540 1797 Nisi
566 1740 619 1798 hoc
642 1751 725 1810 aget,
739 1741 806 1798 alios
834 1755 940 1813 quoque
993 1730 1088 1804 dauid,
1100 1737 1455 1812 qdanddedttn'ebdlffldllb.
1466 1742 1566 1817 IU).
1579 1745 1694 1814 Quando
1703 1758 1794 1806 autem

146 1835 233 1896 ιιιιειιι
246 1836 282 1893 de
295 1849 376 1894 causa
397 1835 550 1908 alloquutus
572 1834 678 1894 inisset.
703 1835 772 1892 Cum
796 1837 868 1893 enirn
896 1835 940 1892 bic
992 1829 1459 1905 praepotentissimum
1473 1838 1750 1916 comminaturque
1762 1859 1793 1902 se

144 1929 252 1986 morbus
261 1936 421 1985 orrmromm
434 1927 554 1985 omnium
567 1927 601 1984 sit
614 1927 798 2000 grauissimus,
813 1943 862 2000 per
876 1943 939 1986 eum
992 1917 1066 1977 Patri
1084 1922 1217 1994 equalem
1231 1923 1405 1998 signidcans,
1419 1936 1449 1984 ct
1459 1943 1521 1986 cunr
1537 1931 1662 2002 privatim
1686 1935 1793 1992 Patrem

143 2024 220 2081 etiam
249 2019 400 2078 nonoribus
431 2021 579 2078 remedium
614 2021 725 2092 praebet.
764 2019 839 2078 Sicut
866 2021 939 2078 enirn
992 2013 1124 2082 mimi»
1135 2024 1164 2072 et
1173 2017 1385 2076 ebdomadem
1405 2037 1467 2094 quar
1486 2023 1567 2082 Pater
1580 2026 1687 2097 operari
1700 2036 1797 2098 osten·¹

142 2129 201 2173 mm
225 2113 311 2170 alium
322 2112 467 2186 quemdam
490 2113 655 2180 curavisset,
669 2113 835 2186 pracepitet
850 2113 937 2171 utda·
990 2103 1040 2161 dit.
1058 2105 1221 2191 Etcur'non
1243 2122 1376 2167 memorat
1397 2127 1430 2170 er
1452 2129 1515 2186 qnae
1535 2114 1563 2172 in
1586 2115 1697 2175 Iericho
1721 2117 1792 2176 iacta

140 2217 181 2265 m
204 2208 321 2279 gloriam
344 2205 606 2275 00031201151153011
630 2205 683 2264 boe
701 2206 832 2264 monicum
851 2207 937 2272 nans,
990 2199 1074 2256 sunt!
1087 2201 1199 2259 Volebat
1211 2203 1298 2262 illusa
1310 2216 1382 2264 terra
1402 2209 1546 2279 abducere,
1561 2220 1659 2270 utnon
1672 2213 1791 2287 ampbus

139 2299 186 2356 sed
200 2313 253 2371 per
266 2299 341 2355 illum
361 2297 486 2356 omnibus
498 2316 505 2352 ι
518 2299 558 2357 sic
578 2313 628 2372 per
645 2298 696 2357 bos
720 2300 801 2357 etiam
825 2307 938 2358 crateras
991 2294 1026 2352 ad
1044 2295 1120 2352 illum
1141 2305 1277 2370 tamqnam
1297 2300 1435 2358 bominem
1451 2303 1636 2375 respicerent,
1655 2306 1705 2363 sed
1722 2298 1796 2364 tam·'

138 2406 234 2448 omnes
247 2390 388 2462 bortatur,
403 2402 430 2449 ct
442 2392 501 2450 baec
514 2393 615 2450 monita
628 2393 675 2450 dat
686 2393 809 2466 singulis.
825 2393 866 2450 Ad
880 2393 938 2451 baec
990 2403 1072 2460 quam
1080 2388 1116 2446 ad
1126 2389 1210 2448 Iieum
1217 2398 1245 2448 et
1252 2391 1443 2464 legislatorem.
1452 2394 1509 2452 Nisi
1516 2406 1606 2454 antem
1614 2397 1661 2455 liei
1674 2397 1792 2458 liliuset

138 2481 191 2540 boc
200 2484 282 2542 etiam
291 2482 456 2553 addendum,
467 2485 554 2557 ipsum
567 2499 664 2558 nempe
673 2499 797 2559 maguam
808 2485 868 2558 ejus
876 2501 938 2558 per·
991 2495 1025 2538 ex
1037 2481 1133 2541 eadem
1142 2484 1292 2542 substantia
1303 2494 1386 2555 esset,
1401 2487 1524 2546 delensis
1534 2489 1605 2548 ioret
1618 2494 1791 2552 rosontione

138 2575 429 2634 reserantiamridisse
441 2595 449 2634 r
460 2575 575 2650 ideoque
587 2577 661 2634 illum
673 2586 767 2634 monet
779 2586 808 2634 ut
817 2577 862 2649 qui
876 2591 938 2647 pos-
990 2574 1120 2633 deterior.
1144 2575 1174 2634 Si
1187 2577 1248 2651 quis
1259 2577 1332 2635 enim
1351 2579 1511 2651 praeiectns,
1524 2582 1570 2656 qui
1583 2583 1684 2653 regiam
1704 2584 1790 2656 legent

137 2667 177 2724 sit
190 2668 343 2726 mandatum
356 2685 483 2740 serrare,
497 2678 577 2744 atque
591 2671 667 2727 illum
680 2669 811 2730 beneficio
823 2681 852 2728 et
865 2671 937 2728 iutu-
990 2668 1237 2741 transgrederetur,
1252 2679 1393 2730 accusatus
1406 2673 1583 2746 responderet
1596 2677 1684 2750 ipsunt
1699 2693 1790 2750 regem

136 2775 236 2819 rorum
255 2764 352 2822 imore
373 2763 504 2822 malorum
520 2765 548 2822 in
561 2781 627 2823 sana
639 2773 730 2824 mente
749 2765 880 2823 continet.
903 2764 938 2822 br
990 2761 1065 2818 illam
1078 2772 1277 2834 uansgrsssnm
1297 2778 1367 2832 esse,
1392 2781 1446 2823 non
1468 2753 1565 2840 utIque‘
1584 2768 1789 2834 absolutarum

138 2855 209 2914 ride
219 2872 294 2930 quam
307 2859 344 2914 sit
357 2859 461 2916 alienus
475 2874 491 2916 a
503 2858 586 2916 lustu.
606 2859 665 2916 Nou
679 2860 753 2918 enim
767 2858 851 2928 dixit,
865 2857 938 2916 Ecce
991 2853 1048 2911 imo
1061 2853 1158 2927 maiori
1171 2866 1244 2914 esset
1257 2857 1364 2915 crimini
1377 2857 1522 2917 obnoxius.
1537 2859 1638 2917 lerunt
1659 2860 1703 2922 bic
1721 2877 1790 2935 qao·

138 2961 240 3006 anum
251 2958 276 3006 te
287 2949 339 3006 ieci
350 2968 357 3016 ;
369 2951 429 3017 sed,
443 2949 531 3008 Sansr
541 2951 624 3022 [actas
634 2967 680 3020 rs,·
693 2952 747 3007 nati
758 2951 868 3024 amplias
880 2967 938 3023 pca-
990 2947 1064 3004 niam
1077 2963 1126 3022 par
1138 2957 1182 3006 est
1197 2947 1336 3021 dignitas,
1350 2949 1472 3009 delensio
1484 2951 1603 3024 legitIma
1614 2952 1724 3009 omnino
1737 2962 1789 3010 est.

139 3056 211 3098 rara.
222 3040 314 3114 Neque
325 3041 402 3110 dixit,
414 3041 457 3101 lle
467 3053 494 3100 te
506 3044 631 3114 puniam;
647 3042 705 3108 sed,
721 3041 764 3098 Ne
777 3041 822 3098 tili
839 3042 938 3113 aliquid
990 3037 1095 3098 Eadem
1108 3042 1215 3100 ratione
1232 3058 1285 3116 qna
1305 3044 1391 3102 Deum
1411 3045 1526 3102 crimine
1547 3045 1677 3114 liberatis,
1697 3057 1726 3105 et
1747 3064 1792 3106 me

141 3131 253 3191 marin
276 3134 417 3209 madagat.
430 3178 433 3183 .
446 3133 475 3193 lu
499 3145 595 3194 neutro
620 3149 764 3209 personam
788 3141 936 3203 memorat,
990 3131 1114 3192 liberate.
1131 3133 1195 3193 Ideo
1206 3136 1324 3208 primum
1334 3137 1410 3207 dicit,
1421 3136 1501 3195 Pater
1509 3147 1637 3206 near,·ut
1648 3141 1690 3199 rel
1700 3141 1791 3201 inritis

143 3226 312 3300 ostenditque
333 3228 513 3287 valetudinem
536 3244 571 3287 ex
594 3230 680 3309 gratia
700 3228 790 3301 potius
811 3241 891 3301 quam
904 3240 939 3284 ex
991 3226 1538 3301 suadeateademsibiconcedendaessa‚
1552 3233 1576 3289 si
1588 3234 1792 3293 reruml'iliunr

145 3320 241 3377 merito
249 3321 410 3379 restitutam.
423 3320 515 3395 Neque
527 3324 599 3380 enim
620 3322 692 3381 dixit
704 3323 779 3380 illum
794 3336 828 3379 ex
841 3320 939 3378 merito
991 3328 1178 3377 revereantur.
1201 3321 1317 3393 Quodsi
1332 3323 1393 3395 quis
1404 3322 1503 3381 dixerit
1513 3363 1528 3393 ,.
1536 3332 1565 3381 et
1577 3324 1687 3382 ubinam
1711 3326 1791 3385 Pater

147 3414 261 3471 erasisse
282 3428 393 3486 peenas,
408 3415 456 3473 sed
476 3430 510 3473 ex
530 3415 694 3489 benignitate
713 3422 847 3473 serratum
866 3428 938 3471 esse.
991 3419 1130 3483 operatur,
1144 3411 1191 3485 qni
1204 3412 1320 3485 septimo
1334 3414 1379 3470 die
1393 3414 1526 3486 requierit
1537 3415 1573 3473 ab
1586 3416 1712 3475 omnIbus
1724 3433 1791 3492 opa·

148 3500 284 3564 limenius
298 3506 335 3565 ita
349 3522 395 3565 res
407 3516 490 3577 esset,
501 3507 624 3578 dixisset,
633 3508 703 3567 licus
721 3508 825 3567 debitas
845 3522 940 3581 pecca·
991 3504 1068 3563 ribus
1081 3506 1160 3563 suist
1174 3508 1198 3563 is
1210 3506 1321 3565 modum
1335 3522 1390 3579 quo
1402 3517 1530 3579 operatur
1550 3510 1647 3571 discat.
1669 3510 1736 3581 Quis
1746 3513 1793 3570 ille

151 3605 234 3655 toron
254 3616 349 3673 paenas
371 3600 486 3671 dedisti;
502 3617 569 3660 care
591 3602 638 3661 tibi
650 3602 787 3676 deinceps.
800 3602 860 3659 lam
874 3616 939 3660 reru
991 3599 1089 3658 modus
1101 3598 1288 3673 estillpiiiciis
1300 3602 1356 3658 suis
1366 3600 1499 3672 providet,
1513 3602 1614 3675 illaque
1622 3602 1705 3663 ioret.
1717 3606 1785 3663 cunr

152 3706 202 3755 uon
215 3694 250 3751 ita
261 3695 343 3766 dicit,
357 3695 406 3755 sed
427 3696 582 3769 montorio?
602 3694 671 3753 ane
693 3712 770 3753 ιιιιιιι
798 3701 880 3769 saetas
894 3713 939 3763 cr,·
992 3691 1068 3749 rides
1080 3708 1145 3765 crgo
1157 3693 1242 3751 solen
1264 3695 1413 3760 orientem,
1435 3693 1656 3766 tarraconam,
1679 3707 1791 3770 stagna,

151 3784 260 3858 jannaii
269 3804 384 3861 meana
396 3786 459 3846 Ilaec
471 3789 549 3846 nobis
561 3788 627 3861 ipsis
639 3788 796 3861 {requenter
806 3788 938 3859 dlaamus,
992 3784 1094 3853 Iontm,
1104 3782 1217 3850 darios,
1228 3784 1333 3856 pturtas
1342 3794 1371 3843 et
1385 3794 1487 3843 naturae
1501 3802 1622 3855 cursum,
1634 3790 1693 3845 sire
1704 3790 1732 3845 in
1745 3805 1792 3849 se·

154 3880 207 3935 etsi
216 3882 335 3955 muigati
349 3881 505 3951 eradamus,
518 3882 576 3939 inec
587 3882 658 3937 intra
671 3896 721 3939 nos
733 3882 876 3954 loquamur
884 3882 940 3937 sin·
992 3878 1121 3942 minibus,
1132 3878 1189 3936 sire
1199 3878 1228 3935 in
1238 3880 1339 3935 nostris
1350 3889 1379 3935 ct
1389 3876 1531 3937 brutorum
1542 3882 1711 3952 corporibus,
1724 3882 1793 3938 alia·

154 3971 222 4043 quii:
236 3972 483 4048 aerumnam
497 3991 540 4042 εις
549 3975 608 4046 iam
626 3974 680 4031 aab
693 3991 808 4047 peccare.
824 3972 901 4043 Quod
916 3974 940 4032 si
992 3984 1046 4041 que
1064 3969 1156 4026 omnia
1176 3984 1225 4041 per
1238 3985 1299 4043 quar
1313 3971 1366 4027 boc
1385 3970 1543 4029 uniuersum
1558 3972 1698 4040 consistit,
1717 3970 1793 4031 diaco

155 4060 289 4123 iniirdem
312 4075 535 4139 perseuerantes,
551 4081 646 4137 paenas
668 4081 722 4124 non
743 4065 857 4135 demus,
874 4064 941 4123 illud
993 4076 1142 4135 perennem
1165 4062 1253 4118 Patris
1275 4062 1474 4135 operationem,
1489 4063 1632 4132 Qrimlsrr
1648 4080 1733 4133 marr,
1747 4065 1792 4121 iu·

154 4155 322 4224 apostobann
345 4156 491 4215 recitemus
514 4176 521 4213 ι
543 4157 692 4232 benignitas
705 4156 802 4213 Ddad
815 4158 940 4229 poenitaa-
993 4153 1062 4226 quit,
1077 4154 1302 4227 adriiaaitsaper
1323 4154 1404 4212 maian
1427 4165 1453 4211 at
1472 4157 1560 4225 bonon
1583 4167 1608 4215 et
1626 4156 1693 4229 plait
1716 4174 1794 4229 saper

154 4245 396 4305 immaduerat:
408 4249 545 4305 madan
557 4250 775 4329 daritiamaatert
788 4259 812 4307 st
823 4250 958 4323 imponi,
989 4246 1074 4319 justos
1084 4258 1108 4303 et
1120 4247 1229 4318 injustos
1241 4247 1252 4318 (
1260 4246 1356 4304 dIattd.
1382 4248 1410 4305 5.
1433 4247 1500 4320 ts).
1515 4248 1552 4305 Et
1566 4264 1682 4317 mrsum,
1697 4250 1729 4307 Si
1745 4268 1793 4307 aar·

154 4344 202 4395 tarr
213 4355 256 4395 aar
266 4348 383 4397 rostrrm
392 4341 751 4399 nemorumnemorum
764 4341 861 4417 (Rom.
871 4342 899 4398 Ξ.
912 4348 939 4400 d.
995 4349 1046 4395 tem
1055 4345 1152 4414 [ωιιιιιιι
1160 4342 1217 4413 aqn'
1226 4341 1294 4412 qaod
1302 4342 1379 4398 badda
1388 4350 1435 4413 ert,
1446 4354 1470 4399 at
1479 4360 1538 4401 arar
1546 4344 1574 4401 r'n
1582 4346 1666 4418 lanan
1672 4342 1791 4417 nltdtar',

153 4432 193 4505 5).
207 4432 297 4509 ideque
320 4433 455 4493 firmando
477 4450 575 4508 corpus
587 4434 745 4504 dumtaxat,
760 4436 808 4494 sed
833 4436 942 4494 aliunde
994 4432 1066 4491 barn
1078 4436 1116 4491 ιιι
1128 4436 1204 4491 restit
1214 4435 1225 4506 (
1235 4434 1331 4490 llattir.
1347 4434 1374 4492 o.
1389 4436 1460 4510 db),
1476 4447 1504 4494 et
1516 4436 1715 4498 devolatilibus
1726 4458 1794 4515 quo·

153 4524 227 4581 enm
250 4541 377 4599 maguum
397 4526 544 4585 diviuitatis
557 4542 613 4585 suar
627 4527 733 4601 signum
749 4528 801 4599 ipsi
815 4528 940 4599 praebuit.
994 4542 1063 4599 qne,
1078 4523 1158 4582 Pater
1170 4534 1250 4583 rata
1259 4527 1365 4584 canno
1377 4530 1458 4601 pascit
1471 4530 1518 4585 itta
1529 4529 1618 4603 (ibid.
1631 4548 1656 4588 r.
1670 4532 1707 4591 26
1716 4534 1739 4609 ).

153 4612 213 4673 Cum
225 4619 295 4677 enim
307 4618 392 4688 dixit,
404 4618 467 4675 Iam
484 4619 538 4675 noli
552 4636 674 4691 mare,
687 4620 821 4693 sIgnIIicat
833 4634 863 4677 se
877 4636 940 4691 pec·
1031 4618 1059 4674 ὅ.
1071 4617 1122 4673 IItc
1134 4632 1199 4691 ergo
1211 4617 1301 4675 verbis
1313 4626 1398 4676 tolum
1412 4612 1523 4692 perfecit
1537 4622 1565 4677 in
1577 4623 1699 4692 sabbato,
1714 4626 1793 4682 nibil·

151 4720 205 4767 eata
218 4710 262 4768 illa
274 4711 365 4769 omnia
378 4726 472 4779 nosse,
487 4726 549 4785 quaa
561 4712 609 4769 ille
621 4720 684 4769 ante
699 4712 816 4779 iecerat;
831 4712 902 4769 unde
915 4713 942 4769 in
995 4725 1049 4783 que
1058 4710 1173 4781 amplius
1185 4708 1298 4779 addidit,
1309 4710 1358 4767 sed
1369 4726 1404 4769 ex
1415 4712 1449 4770 iis
1461 4728 1523 4787 qnae
1531 4712 1559 4771 ἰιι
1570 4717 1671 4786 tcurplo
1681 4716 1791 4784 debant,

146 4812 282 4879 postemm
293 4802 450 4876 naengum
459 4803 553 4862 baberi
564 4804 688 4865 debebat.
700 4804 745 4862 15.
755 4805 889 4878 diiitarqo
898 4806 945 4865 itta
995 4813 1076 4875 atque
1089 4818 1122 4861 ex
1135 4802 1254 4875 ipsoram
1275 4803 1420 4875 operibns,
1433 4805 1538 4877 objecta
1563 4808 1676 4865 crimina
1702 4810 1792 4865 solvit.

148 4896 403 4966 armantarmant
411 4898 522 4969 iudeis,
533 4900 593 4970 qula
603 4897 679 4955 Jsrar
689 4908 752 4957 errat
761 4900 804 4971 qai
814 4900 874 4972 {scit
886 4916 944 4957 cam
997 4894 1794 4977 ¹[Ubireroopemnprecipitmxcmpliorusa,lectumtol·

144 5007 246 5049 aaaarn
261 4990 437 5050 lideiterum
451 4993 538 5067 ipsum
550 5002 628 5065 grato
643 4994 733 5049 antino
744 5008 804 5051 esse
815 5008 943 5067 perseve-
995 4986 1127 5056 lere,renr
1135 5002 1263 5044 sanenon
1271 4988 1360 5060 magni
1369 4989 1728 5060 numerumnunerum
1736 4989 1793 5045 sab

144 5094 263 5143 tanum·
278 5084 337 5143 Non
347 5084 420 5145 euim
434 5086 502 5143 dixit
513 5104 520 5142 ι
532 5084 579 5143 Ille
591 5086 690 5159 estqui
702 5086 769 5145 dixit
780 5087 856 5154 mIbI,
872 5086 945 5144 Tolle
995 5080 1051 5141 bati
1061 5080 1223 5137 solutionem
1232 5080 1453 5153 clarssigniilcet,
1462 5082 1630 5138 tuncaltiora
1640 5080 1794 5151 loquiturut

143 5180 295 5253 grabbatum
317 5189 397 5237 tran.
419 5179 487 5249 Quia
509 5178 580 5237 eninr
601 5179 639 5237 ilii
653 5178 763 5252 idquod
782 5179 943 5252 culpandum
997 5174 1060 5231 illos
1070 5188 1103 5230 ex
1114 5172 1203 5229 Patris
1212 5173 1342 5245 dignitate
1352 5174 1527 5245 perceliabet
1536 5172 1569 5229 ad
1580 5169 1735 5228 sublimiora
1745 5170 1794 5229 du·

142 5256 289 5333 ridebatur
316 5288 424 5347 semper
451 5274 631 5347 objiciebant,
653 5274 712 5346 ipse
740 5276 944 5347 raspoonmsm
996 5267 1795 5343 caaoaapropteqaauuesabbatoagttur,nequeatboma

141 5384 254 5443 semper
267 5368 361 5435 allent,
376 5377 406 5425 ut
419 5368 552 5426 medicum
573 5368 709 5435 celebret,
723 5376 751 5425 ct
764 5368 833 5425 allos
845 5368 945 5425 alliciat
1032 5406 1041 5439 ,
1058 5412 1133 5458 mm
1142 5396 1320 5458 mmm
1328 5405 1427 5458 dm
1435 5405 1473 5457 sic
1481 5404 1725 5468 mmmmm
1735 5412 1795 5458 m

140 5474 170 5521 et
189 5462 287 5519 trabat.
300 5462 361 5519 Non
374 5460 446 5519 enim
462 5470 516 5517 tam
530 5460 652 5534 stupidus
665 5460 824 5532 etingratns
833 5470 902 5525 erat,
914 5469 945 5517 ut
997 5468 1178 5543 uni-ederam:
1192 5468 1228 5520 ιιι·
1237 5481 1294 5522 raro
1303 5468 1402 5535 apsrart
1411 5464 1533 5533 proedpit,
1544 5479 1615 5541 cant,
1626 5466 1694 5543 radi
1701 5469 1794 5543 qratia

142 5567 209 5631 post
217 5566 318 5613 tantum
327 5553 486 5613 benebctnn
496 5570 557 5613 cunr
568 5554 750 5611 admonitione
761 5552 943 5625 conjunctum,
997 5528 1115 5655 mm
1141 5530 1795 5658 wffiffimffiffluffifffflffi

142 5652 300 5711 benedicum
324 5638 462 5724 proderet,
476 5659 504 5708 et
526 5650 644 5722 maligno
665 5648 756 5707 animo
768 5648 807 5705 sic
819 5648 944 5720 loquere·
997 5631 1090 5707 sabbis
1101 5649 1325 5731 mauriacensem
1342 5655 1461 5717 muas,
1471 5654 1561 5707 aarum
1572 5653 1696 5721 ,tomam
1708 5660 1735 5707 qr
1750 5668 1796 5720 μ.

146 5757 206 5804 tur.
221 5744 288 5803 llam
310 5745 361 5801 etsi
379 5743 435 5801 Iera
446 5743 508 5809 ,etsi
520 5741 683 5801 inhumanas
698 5740 857 5812 ertapideas
878 5739 946 5797 iuis·
998 5716 1405 5845 Wfflemss
1418 5717 1796 5848 &maffia

146 5850 204 5914 set,
217 5850 247 5901 et
258 5840 417 5901 beneficium
431 5846 461 5899 et
471 5846 559 5899 metus
571 5838 658 5911 ipsum
672 5834 944 5913 poterantoobibere.
998 5856 1064 5909 ron,
1073 5848 1102 5895 at
1112 5843 1200 5895 unere
1210 5847 1265 5904 est,
1277 5843 1409 5897 tectionem
1420 5850 1520 5897 secutus
1531 5852 1578 5901 est-
