4084 6350
191 233 245 291 tta

192 360 223 407 at
233 364 331 421 eorpus
345 362 421 411 curet
433 355 546 427 quiescit
561 357 638 413 ¹sire
650 357 677 417 itt
699 358 867 424 diversoriis,
881 358 938 413 sire
953 359 981 413 ia

192 422 253 479 aliis
267 423 344 491 locis,
358 426 429 481 riam
444 441 496 483 uon
508 428 661 498 iutereiplt;
682 428 728 485 sed
746 429 861 498 utilescit
873 428 980 498 quidem

190 504 221 549 ut
234 510 282 549 cor
302 512 333 551 us
357 508 447 563 curet,
467 514 581 569 ascttpo
598 509 687 555 aulem
705 512 836 570 susceptas
856 501 907 555 riae
926 516 981 557 noo

189 566 271 623 aliare
293 569 312 621 it
328 568 388 623 :sic
401 578 430 625 et
443 569 520 625 nohis
536 571 666 627 honorum
678 586 787 629 suoram
803 571 917 628 lructum
932 572 980 627 de-

189 636 227 692 dit
241 638 378 705 Servatur,
392 656 445 701 sion
464 640 678 709 atdeliciemar,
697 641 745 699 sed
775 653 802 699 ιιι
822 658 931 699 carnem
953 653 981 698 et

189 709 306 764 aniruam
318 708 484 767 fatiscentem
495 727 629 768 erraremus.
643 712 775 783 Neitaqac
790 716 979 786 mysteriorum

188 779 300 835 ohtemu
310 781 427 837 alienum
441 783 577 853 quidpiam
589 783 717 841 inducas:
730 800 762 841 ne
774 787 908 855 quiaejns
919 802 981 852 par-

189 851 273 919 ticeps
285 868 326 913 es,
344 853 457 921 gratiam
471 855 586 921 eranistae
600 870 722 909 sororem
737 870 797 911 esse
813 870 900 926 putes.
916 857 980 911 llaec

188 922 343 987 observem,
359 940 410 976 non
425 924 519 979 lidelos
530 924 619 988 risodo,
631 924 679 981 sed
691 927 772 982 eliam
781 928 978 983 catechumeni.

171 993 260 1047 «Ante
272 994 440 1063 largitionem
450 993 513 1049 dtrrri
528 996 683 1067 dignitatern
696 997 820 1053 ostende.
832 998 900 1067 Quid
913 1013 981 1069 opus

187 1072 229 1117 est
240 1064 349 1121 rerhis?
363 1064 561 1123 Conscientiam
577 1077 648 1123 tuam
664 1070 795 1123 examina.
812 1069 869 1135 Qua
885 1069 980 1125 liducia

186 1134 289 1189 aceedit
300 1136 334 1201 is,
348 1137 392 1203 tyni
403 1136 534 1205 jejunium
550 1139 676 1193 violarit‘l
687 1138 791 1196 Revera
808 1140 887 1195 hodie
901 1156 979 1195 accc·

186 1203 235 1270 dlt,
251 1206 285 1260 'et
300 1207 406 1261 nemine
428 1208 586 1279 incusante,
610 1212 773 1267 erinseientia
789 1221 814 1265 te
829 1211 979 1280 redarguet.

187 1274 310 1331 Vidistia'
323 1292 439 1347 unquam
452 1280 568 1348 aliquem
582 1282 626 1349 aui
636 1291 820 1340 accusatorem
832 1297 922 1337 secum
943 1280 982 1337 le·

187 1346 245 1399 rati
258 1346 361 1402 llaheto
383 1350 674 1417 potiusconscientiam
697 1355 743 1408 tihi
760 1355 980 1422 patrocinantem.

187 1415 322 1473 liudierus
336 1418 403 1483 dies,
421 1420 447 1475 id
466 1431 518 1489 est,
539 1432 631 1478 sarrcta
656 1423 715 1479 hacc
733 1425 908 1496 mystagogia,
926 1439 980 1478 raon

182 1487 278 1556 jejunii
291 1504 400 1544 eorsum
411 1496 523 1562 expetit,
552 1509 639 1563 neque
654 1496 845 1566 mystagogiam
866 1495 937 1549 illam
954 1495 981 1547 iu

186 1568 279 1614 satseto
290 1558 421 1616 Paschate
434 1580 441 1628 ;
455 1562 503 1619 sed
513 1562 574 1633 quia
588 1565 613 1619 in
628 1566 680 1621 hae
692 1576 734 1621 est
755 1568 887 1636 passionis
900 1565 983 1621 tradi·

217 1693 335 1747 ¹t’raestat
342 1693 406 1747 leste
417 1694 515 1762 legere,
526 1697 627 1763 etiarm,
640 1708 667 1753 ut
677 1714 765 1768 corpas
776 1709 853 1764 card,
866 1702 981 1768 quiescat.

937 231 1071 289 stillthl.
1130 238 1132 247 '

1621 205 1837 304 'aaa

1036 358 1083 425 tio,
1098 358 1125 415 ia
1140 356 1185 415 llla
1200 372 1264 415 vero
1277 358 1484 415 resurrectionis
1497 375 1506 425 ;
1527 366 1667 415 consortes
1680 357 1738 429 ejas
1751 358 1835 417 simus

1035 438 1062 485 et
1086 430 1290 486 resurrectionis
1313 429 1467 501 participes.
1491 428 1576 485 llodie
1594 440 1732 485 consortes
1751 432 1836 487 simus

1036 500 1179 569 passionis,
1190 510 1252 555 tanc
1265 502 1469 556 resurrectionis
1485 518 1495 553 s
1508 500 1589 555 hodie
1605 501 1683 570 lany'us
1695 512 1836 559 consortes

1035 586 1070 627 ue
1082 586 1131 625 nos
1146 570 1250 627 deliciis
1261 571 1402 639 dedamus,
1419 570 1465 635 sed
1479 572 1621 697 lacrymim
1642 588 1701 625 nam
1718 582 1778 641 pust
1791 589 1836 629 ae·

1035 642 1230 697 surrectionem
1251 644 1376 701 raoestitia
1398 658 1450 697 ιιοιι
1466 653 1517 699 est.
1560 658 1610 697 unc
1624 640 1748 697 Christus
1762 646 1834 715 pati·
1866 690 1872 701 .

1035 721 1088 777 tur,
1103 720 1177 767 et·tu
1200 713 1356 769 deliciaris?
1378 713 1469 769 Nescis
1487 714 1584 768 attritos
1609 728 1681 785 saepe
1709 729 1835 783 proceres

1033 784 1189 853 ohitsrgatus
1204 783 1297 851 luisse,
1319 784 1390 854 quod
1411 785 1436 839 in
1462 786 1535 855 regio
1558 785 1629 840 lucin
1651 784 1766 841 deliciari
1791 804 1836 841 cs-

1033 863 1115 919 sent,
1149 863 1176 909 et
1195 856 1327 929 supplicio
1357 856 1467 911 allectos
1496 848 1597 911 luisse?
1615 854 1655 911 Τιι
1680 870 1745 911 rero
1772 856 1835 913 dum

1035 924 1111 981 rides
1127 926 1293 981 honainicam
1309 929 1462 997 passionem
1477 926 1565 982 adhuc
1579 928 1605 981 in
1629 941 1710 983 eruce
1725 927 1831 999 lulgen·

1036 1004 1102 1063 tem,
1133 996 1247 1053 necdum
1263 996 1423 1053 adveniente
1438 999 1637 1053 resurreetione
1651 1000 1830 1053 resurrectio·

1034 1068 1077 1121 nis
1100 1066 1220 1123 laetitiam
1236 1083 1437 1139 praeoccupans.
1456 1077 1481 1124 te
1497 1068 1599 1125 deliciis
1623 1068 1740 1124 dedissit
1767 1070 1832 1127 liae

1034 1136 1105 1199 dico,
1132 1153 1184 1193 non
1208 1138 1279 1209 quod
1302 1140 1388 1209 ipsam
1418 1138 1588 1195 Serranam
1616 1139 1688 1195 luctu
1704 1140 1833 1213 persequi

1036 1217 1170 1277 oporteat,
1184 1211 1347 1281 quasi'luctu
1363 1209 1442 1279 digna
1467 1224 1611 1281 perpessas
1629 1211 1679 1277 sit;
1703 1213 1749 1267 sed
1772 1213 1835 1281 uuis

1035 1294 1084 1333 uos
1098 1293 1147 1348 par
1160 1290 1202 1335 cst
1220 1290 1323 1350 gratnm
1349 1282 1467 1337 animum
1482 1282 1628 1347 exhihere,
1646 1290 1675 1336 nt
1694 1294 1834 1341 consortes

1035 1346 1098 1403 lacti
1111 1349 1170 1419 ejus
1195 1352 1338 1421 passionis.
1353 1362 1494 1407 consortes
1509 1353 1594 1407 simus
1620 1352 1701 1407 etiam
1715 1368 1833 1411 resmre·

1036 1418 1151 1474 ationis:
1168 1422 1230 1491 quia
1246 1422 1333 1494 ipsum
1355 1422 1496 1477 Dominum
1516 1423 1594 1479 decet
1615 1424 1716 1493 gloria,
1733 1424 1850 1489 ltonnr,¹·

1035 1488 1173 1559 adoratio,
1189 1508 1241 1547 urta
1255 1508 1315 1549 cum
1335 1491 1415 1548 Patre
1427 1502 1454 1548 et
1477 1493 1648 1550 sanctissimo
1672 1496 1832 1567 rivilieoque

1035 1559 1147 1685 {piritu
1176 1578 1246 1619 nurrc
1267 1570 1295 1619 et
1317 1578 1433 1637 semper,
1463 1572 1490 1619 et
1503 1564 1530 1621 in
1550 1564 1647 1621 saecula
1662 1566 1831 1624 saeculorum.

1061 1647 1132 1687 men.

741 1886 1274 2093 somensaso
1303 1889 1325 1892 *ff

584 2167 627 2231 tlt
648 2166 890 2245 SEQUENTEM
910 2168 964 2231 DE
984 2165 1176 2230 LATRONE
1197 2168 1431 2234 sandaliam.

220 2310 494 2397 llnueChrysostomi
516 2328 569 2369 non
594 2330 655 2370 esse
676 2315 766 2369 statim
801 2313 888 2385 quiris
910 2313 981 2368 dicet

186 2382 227 2437 rel
242 2383 414 2440 mediocriter
438 2384 552 2455 peritus,
566 2400 616 2441 nec
627 2397 668 2441 est
681 2401 712 2441 ea
728 2387 754 2439 in
770 2400 800 2439 re
809 2385 981 2439 diutissim-

185 2455 355 2508 morandum.
372 2455 436 2519 Sed,
450 2458 522 2525 qarod
534 2456 731 2511 alcen-andum
753 2466 810 2517 est,
825 2464 886 2525 post
909 2454 981 2511 liano

185 2528 308 2593 sequitur
319 2526 389 2594 apud
402 2526 529 2581 Sariliam
553 2543 643 2583 sermo
656 2528 724 2581 alius
744 2528 786 2580 cui
811 2526 923 2587 titulus,
948 2536 982 2586 ste

187 2608 230 2657 τὴν
253 2605 470 2671 ζωοφόρονταφήν,
494 2595 663 2666 Ῑιιῦίιιίῥταιπ
685 2598 852 2667 tepttllttrttttt.
874 2596 981 2649 initium

185 2681 250 2719 licto
263 2670 334 2721 etiae·
343 2674 394 2735 χθὲς
407 2680 493 2741 λῃστοῦ
504 2674 683 2737 shy-rupaeclarae,
698 2678 739 2723 saal
752 2669 871 2723 Ἰουδαίων
883 2680 980 2736 μανίαν,

187 2734 291 2790 Vidistis
307 2736 361 2791 heri
383 2738 489 2793 latronis
514 2740 673 2810 probitatem,
689 2748 714 2793 et
734 2738 886 2793 Indaeorum
911 2739 982 2792 ima·

183 2806 262 2861 alam.
275 2808 350 2874 Quasd
359 2809 498 2864 exordium
513 2812 547 2865 ita
561 2811 749 2865 coracinuatum
764 2819 815 2873 est,
825 2818 854 2864 ut
865 2809 980 2863 suadea-

186 2888 240 2941 tur,
255 2879 378 2934 eumdem
396 2895 457 2936 esse
476 2882 520 2953 qui
547 2881 742 2953 praecedentem
764 2882 799 2935 de
819 2882 940 2946 latrone,
955 2886 983 2933 et

1036 2312 1104 2367 hanc
1127 2312 1160 2367 de
1180 2313 1315 2383 sepultura
1329 2311 1428 2369 Christi
1450 2313 1606 2371 concionem
1632 2312 1735 2371 emisit.
1748 2312 1832 2385 idque

1035 2382 1278 2441 dolomaehinatns
1300 2394 1342 2441 est
1366 2382 1504 2441 Graeceius
1516 2385 1661 2453 quispiam.
1677 2384 1788 2451 Veram,
1803 2393 1833 2443 ul

1035 2466 1137 2509 certum
1152 2464 1194 2510 est
1205 2456 1321 2525 priorem
1335 2455 1473 2511 homiliam
1487 2470 1540 2509 non
1553 2470 1613 2511 esse
1627 2454 1831 2526 Cirrysostomi,

1037 2527 1072 2580 ita
1088 2526 1128 2580 rel
1142 2541 1174 2581 es
1188 2528 1258 2598 stylo
1274 2529 1364 2581 statim
1388 2527 1558 2597 perspicuum
1578 2535 1639 2591 est,
1656 2528 1832 2595 posteriorem

1035 2600 1120 2653 sarach
1135 2596 1253 2652 doctoris
1268 2612 1339 2651 esse.
1356 2598 1401 2652 Est
1415 2594 1633 2665 auremejusdem
1650 2597 1759 2651 homilia
1783 2612 1831 2653 oe·

1036 2672 1165 2737 togeslma
1176 2683 1247 2723 noua
1258 2668 1283 2721 in
1292 2668 1457 2733 llatthaum,
1470 2684 1550 2737 qrram
1561 2667 1728 2737 repetitionis
1744 2668 1832 2723 vitan·

1036 2738 1077 2791 dae
1092 2754 1173 2793 eausa
1189 2738 1421 2806 praetermisimus.
1444 2739 1572 2810 Epilogus
1586 2753 1650 2793 rero
1674 2738 1786 2795 moralis
1798 2752 1833 2803 es

1035 2808 1150 2865 dirersis
1159 2808 1345 2881 chrysostomi
1357 2811 1424 2865 locis
1437 2810 1639 2867 mirsarcimtns
1652 2809 1712 2865 luit.

1617 2996 1832 3015 t———u-

402 3080 436 3127 la
457 3078 630 3127 ΜΤΙΟΝΙΙ
657 3082 698 3125 tir
720 3081 753 3125 ttt
774 3077 997 3125 suootrtostttt
1018 3076 1213 3123 santhratus
1235 3075 1353 3122 ttosrttt
1373 3076 1605 3125 theoctistam.

916 3227 1045 3250 ι..-

218 3317 246 3374 l.
267 3310 291 3374 0
304 3326 402 3388 quanta
413 3319 454 3373 ris
465 3328 507 3374 est
520 3330 618 3376 nostre
633 3319 693 3376 itaet
706 3321 714 3376 l
726 3338 744 3379 o
754 3331 880 3394 gamalam
904 3327 975 3381 ralet

186 3389 307 3460 precatio
318 3389 409 3460 populi
427 3389 525 3444 Christi
540 3395 654 3448 amomis
670 3409 717 3462 pro
732 3396 871 3451 sacerdote
882 3411 977 3466 pecca·

186 3469 244 3514 tore
257 3461 451 3530 supplicantis!
467 3461 504 3514 Ne
516 3470 540 3514 te
551 3463 593 3516 laic
607 3463 728 3519 ordiendi
741 3465 837 3519 molius
864 3477 976 3536 stupore

184 3529 315 3600 percellat
326 3547 332 3583 :
343 3530 408 3584 illud
431 3531 503 3586 enim
520 3531 611 3586 divino
628 3533 709 3589 Patrio
723 3533 833 3592 doctore
848 3539 923 3592 robis
937 3539 976 3593 di·

184 3616 247 3658 cere
265 3600 357 3662 didici,
371 3599 415 3672 qai
429 3600 519 3656 hasela
533 3603 652 3672 epistulis
665 3607 721 3660 sais
735 3607 807 3660 clare
819 3608 885 3662 dicit
897 3609 978 3663 disci·

185 3671 277 3742 pulis:
295 3669 443 3726 Precaariai
450 3687 501 3756 pro
516 3689 564 3740 me,
578 3675 687 3728 atdetar
699 3678 849 3732 mihlserma
860 3679 886 3732 iu
900 3695 975 3750 aper·

186 3743 254 3796 dorae
272 3743 324 3794 oris
346 3745 393 3796 otei
411 3743 420 3814 (
435 3743 529 3812 lapitas.
543 3745 569 3799 6.
584 3745 618 3802 ta
629 3745 648 3812 i.
664 3745 692 3802 st
710 3763 775 3802 soro
796 3749 914 3812 Patrius,
930 3765 978 3806 raas

184 3813 336 3880 electionis,
353 3813 434 3868 homo
446 3815 570 3878 cauli-stis,
587 3819 681 3887 gratiae
695 3828 797 3881 orator,
813 3822 976 3890 precationi·

185 3882 237 3940 hus
250 3881 442 3952 discipulorum
455 3901 563 3940 saiorum
574 3901 641 3956 opus
657 3888 758 3956 hahuit,
771 3903 871 3960 quatuo
893 3891 978 3961 uirgis

185 3969 245 4024 ego,
258 3969 338 4022 anem
352 3968 445 4010 omrres
461 3967 628 4024 {leccatricem
649 3974 710 4014 esse
737 3961 840 4014 nostis?
853 3965 977 4016 Attamen

179 4024 227 4079 'sel
240 4025 406 4092 publicanus,
417 4027 462 4096 qrsi
476 4043 491 4080 a
505 4029 576 4082 malo
589 4029 711 4089 instituto
726 4045 756 4085 se
776 4032 909 4098 removit,
924 4033 979 4087 dis-

185 4096 291 4166 cipulus
304 4097 408 4150 llumini
434 4097 520 4152 lactus
535 4110 585 4154 est.
610 4101 673 4156 Scio
686 4117 793 4172 quinque
808 4105 977 4159 nteretrieem

185 4167 352 4236 poeuitentise
366 4167 500 4238 lacrymas
523 4169 626 4224 Dotrriai
650 4173 771 4242 vestigiis
798 4174 976 4243 ollerentem,

186 4239 352 4293 meretricias
363 4237 477 4294 lamosas
494 4240 715 4297 sordesahlnisse
730 4260 736 4295 ε
751 4243 808 4298 scio
827 4246 906 4299 etiam
918 4262 980 4314 pru·

184 4305 291 4363 dentem
303 4308 377 4362 illum
391 4309 533 4377 latronem,
546 4326 589 4365 res
600 4327 710 4382 magnas
722 4327 770 4384 per
781 4314 860 4369 tidem
875 4317 979 4384 rapuis-

186 4394 231 4434 se:
248 4394 309 4432 aasn
324 4379 386 4433 larii
399 4379 551 4449 lnry'asmodi
574 4382 677 4439 lucrum
693 4385 834 4456 paradisus
848 4386 906 4440 luit.
916 4386 980 4442 Sca·

186 4451 224 4503 tio
236 4459 266 4506 et
283 4465 333 4574 ayo
349 4451 528 4511 nreeamdem
543 4452 687 4508 anchoram
703 4456 860 4524 arripuisse.
887 4457 978 4513 Testem

185 4521 284 4594 quippe
309 4520 428 4576 raheruus
443 4522 585 4578 [lominum
595 4525 769 4593 clementem,
784 4529 828 4594 tytii
840 4538 978 4596 acceptam

186 4587 290 4646 lsaheas
299 4592 433 4648 sinceram
448 4603 564 4650 nostram
581 4598 772 4664 precationem,
788 4599 878 4652 statim
899 4601 980 4655 arise-

184 4659 327 4716 ricordiam
342 4677 417 4718 suam
428 4663 556 4734 impartit.
571 4667 636 4720 Nam
651 4667 736 4740 legem
748 4668 838 4732 dedit;
855 4669 903 4724 sed
918 4685 980 4724 cum

184 4731 228 4786 les
244 4732 288 4786 illa
312 4735 433 4789 umluam
445 4736 533 4790 solnm
550 4735 700 4792 futurorum
714 4740 844 4794 horrorum
857 4741 978 4806 ltaheret,

184 4801 342 4858 tranantem
367 4806 450 4875 ipsam
466 4821 554 4861 rcrrrm
576 4808 733 4877 veritatem,
750 4809 902 4866 illuminare
927 4829 979 4865 noa

185 4876 281 4942 potuit.
293 4874 479 4944 Prophetieam
492 4893 555 4934 rero
569 4880 670 4933 turham
684 4881 759 4950 attasi
774 4882 887 4952 legatam
898 4885 979 4949 misit;

186 4957 278 4998 rerum
302 4948 474 5015 propheticus
499 4950 543 5004 ille
558 4951 686 5020 popolus,
701 4967 716 5005 a
731 4961 818 5005 morte
831 4953 955 5008 detentus
971 4996 979 5020 ,

186 5013 313 5070 clamarit
326 5015 433 5073 dicens:
450 5019 507 5089 Ego
521 5038 577 5075 suas
589 5032 658 5076 terra
671 5031 695 5074 et
709 5023 772 5077 ciuis
781 5021 858 5089 (Gen.
871 5025 914 5078 l8.
923 5025 980 5094 st).

188 5083 307 5156 Angelus
322 5087 496 5144 iumnrtabilis
510 5091 643 5146 manendo
656 5093 789 5148 incarnari
801 5110 853 5149 ιιοιι
866 5107 979 5161 protraat.

191 5151 254 5210 Noa
264 5158 379 5228 augelus,
390 5160 491 5226 innuit,
506 5177 556 5214 ιιοιι
571 5163 668 5234 legatas
684 5164 789 5218 redemit
801 5181 853 5232 eos,
872 5167 936 5220 sedi
956 5183 982 5220 se

191 5223 317 5306 Datianus
331 5228 407 5295 (lsai.
422 5231 466 5286 63.
480 5229 520 5303 9).
536 5231 608 5288 Vidit
621 5236 692 5288 euim
708 5237 800 5289 orbem
812 5184 954 5290 ansiliod,

187 5305 320 5362 statutum,
334 5310 362 5355 et
375 5299 408 5354 ad
422 5305 508 5372 ipsum
520 5301 679 5359 clamantem
697 5323 704 5360 :
720 5305 841 5374 lactina,
860 5306 980 5374 dotatae,

188 5366 264 5424 caelos
279 5376 346 5436 taos,
358 5379 381 5427 et
394 5371 517 5428 descende
529 5372 617 5444 (Psoi.
630 5375 693 5433 lla.
707 5377 747 5448 5).
764 5377 828 5433 Nara
844 5381 866 5433 si
888 5390 925 5444 ιιι,
942 5381 982 5434 iu·

187 5439 255 5508 quit,
284 5441 318 5496 ad
336 5455 387 5498 ans
406 5459 457 5497 non
484 5444 676 5513 descenderis,
703 5462 753 5502 nos
777 5465 826 5519 per
843 5450 925 5504 alium
946 5449 981 5506 ad

191 5516 217 5562 te
245 5525 299 5566 oon
334 5526 477 5584 possumus
509 5517 655 5572 ascendere
675 5537 682 5572 :
705 5519 779 5573 ilidii
816 5535 898 5592 ergo,
932 5535 982 5576 nee

188 5577 311 5650 despexit
337 5584 574 5653 deprecationem,
609 5587 658 5642 sed
685 5588 821 5645 inclinarit
848 5593 929 5646 caelos
954 5600 982 5646 et

190 5651 493 5724 desceuditinterram,
518 5673 567 5713 nee
585 5672 616 5713 se
638 5671 736 5713 vacuos
758 5661 840 5717 calos
862 5663 978 5735 reliquit.

193 5719 343 5801 &aceeptus
359 5735 398 5782 est
411 5725 438 5782 itt
452 5725 570 5815 virginea
585 5727 675 5804 tulta,
697 5738 754 5802 tolo
764 5733 978 5829 orbeampliore.

1029 3325 1113 3393 Quem
1128 3321 1200 3378 enlm
1214 3319 1374 3391 eapere'non
1387 3318 1472 3388 potuit
1486 3318 1665 3390 patriarchale
1675 3311 1831 3390 lagiariu'm,

1029 3397 1147 3466 virginea
1160 3394 1238 3446 rrrlra
1252 3391 1391 3459 complexa
1407 3389 1625 3446 asulescentulus
1649 3399 1700 3455 est,
1724 3399 1752 3444 at
1775 3390 1833 3460 ipse

1031 3468 1114 3530 ararit,
1140 3462 1457 3530 noarrtinterpretaatnr
1483 3460 1621 3524 haeretiei,
1640 3462 1685 3530 uui
1709 3459 1771 3536 dnum
1799 3473 1833 3516 es

1029 3553 1088 3608 qum
1108 3535 1159 3590 sihi
1184 3533 1290 3603 propria
1314 3543 1377 3586 stant
1400 3535 1538 3604 ignorant.
1563 3531 1653 3588 divina
1676 3531 1831 3588 metirtsrtur.

1029 3607 1113 3664 Natus
1128 3617 1179 3672 est,
1195 3615 1224 3658 ut
1245 3603 1415 3672 sihiplacuit.
1429 3602 1457 3657 la
1469 3605 1568 3674 lignum
1581 3601 1715 3668 aseendit,
1737 3603 1781 3672 qui
1797 3601 1832 3658 li·

1030 3694 1112 3746 gnum
1138 3675 1253 3744 paradisi
1278 3677 1392 3740 sanarit,
1408 3682 1435 3728 et
1447 3673 1566 3728 elarnat:
1591 3673 1714 3728 Teresiar
1724 3730 1726 3739 ,
1737 3673 1833 3728 calcati

1030 3739 1110 3812 solus,
1126 3759 1333 3802 etaauomecam
1346 3743 1419 3815 erat(
1427 3743 1490 3798 lsai.
1506 3745 1552 3800 ot.
1573 3744 1625 3813 d),
1642 3759 1692 3798 ιιοιι
1708 3744 1830 3818 augelus,

1032 3836 1085 3875 uon
1109 3821 1230 3888 legatus,
1254 3831 1307 3870 nou
1320 3816 1509 3884 erchanpolde,
1533 3831 1585 3870 non
1602 3815 1753 3886 propheta,
1774 3829 1828 3872 nott

1030 3908 1088 3958 res,
1106 3905 1185 3944 nestro
1195 3889 1327 3959 hastarum
1341 3901 1445 3940 areauna
1467 3897 1542 3942 erat:
1555 3898 1581 3942 et
1598 3901 1665 3942 utras
1678 3885 1750 3942 sohrs
1771 3901 1830 3942 rrae·

1031 3977 1091 4016 carn
1102 3970 1180 4024 erat,
1195 3960 1240 4030 qui
1254 3974 1306 4012 aaa
1318 3973 1423 4012 nrecurn
1439 3967 1552 4012 mortem
1565 3957 1702 4022 enutrivit,
1714 3955 1762 4012 sed
1773 3971 1829 4012 me·

1031 4047 1091 4087 enus
1105 4031 1255 4102 paradisum
1269 4029 1294 4082 in
1310 4027 1495 4082 haereditatem
1507 4029 1627 4098 aceepit:
1642 4043 1745 4082 irtacum
1757 4028 1783 4082 in
1798 4027 1831 4083 lt-

1031 4118 1104 4171 gnu,
1127 4115 1178 4154 uon
1194 4115 1300 4154 mecum
1324 4100 1349 4152 in
1367 4099 1436 4154 hello
1451 4108 1545 4154 contra
1561 4109 1675 4154 mortem
1690 4108 1828 4168 suscepto.

1032 4176 1099 4232 Nam
1116 4173 1258 4234 Dominus,
1275 4169 1368 4238 inquit,
1386 4180 1518 4224 conterens
1531 4169 1608 4232 heila,
1632 4169 1758 4224 Dorulaus
1784 4183 1830 4224 aa·

1031 4263 1088 4301 meu
1099 4243 1137 4298 itti
1154 4245 1161 4312 l
1178 4240 1281 4296 indita.
1297 4239 1342 4295 ta.
1358 4238 1407 4313 5).
1425 4239 1499 4296 Unus
1522 4242 1589 4296 latro
1612 4241 1752 4295 euniessus
1776 4248 1828 4300 est.

1032 4317 1054 4372 0
1070 4331 1113 4372 res
1137 4312 1285 4382 stupendas
1299 4321 1327 4366 et
1343 4311 1447 4366 norasl
1471 4310 1553 4366 Latro
1575 4326 1636 4367 cum
1658 4310 1765 4366 (llaristo
1778 4351 1787 4376 ,
1801 4320 1828 4366 et

1032 4385 1179 4455 discipulus
1191 4382 1274 4438 ludas
1285 4397 1346 4436 euro
1358 4383 1465 4437 diabolo
1481 4401 1487 4436 :
1506 4383 1548 4436 hir
1563 4384 1588 4437 in
1602 4381 1736 4446 teaehras,
1750 4389 1777 4436 et
1789 4389 1829 4438 te-

1033 4459 1124 4513 nchrae
1140 4455 1165 4508 in
1183 4456 1271 4509 lucem
1287 4461 1395 4508 rnataras
1409 4462 1492 4508 sunt:
1511 4469 1595 4523 agnus
1612 4453 1737 4522 lupus,et
1750 4452 1828 4522 lupas

1032 4543 1118 4599 agnus
1145 4526 1230 4580 lactus
1251 4534 1301 4579 est.
1329 4523 1409 4579 Latro
1422 4539 1516 4578 marsus
1534 4525 1642 4578 ,hahens
1661 4523 1743 4580 clatris
1766 4537 1831 4579 corr·

1033 4599 1119 4664 sasas,
1136 4596 1207 4650 lideli
1231 4610 1296 4650 voce
1325 4595 1466 4649 Dosrtinum
1483 4596 1615 4650 miratahat
1639 4594 1730 4650 dicens
1749 4609 1755 4646 s
1773 4593 1829 4650 tile-

1033 4679 1117 4724 meato
1128 4668 1187 4734 uari,
1198 4665 1320 4728 Domine,
1335 4682 1392 4719 ιιιιιι
1409 4667 1505 4720 scamis
1516 4669 1541 4720 ia
1552 4683 1656 4736 segarus
1669 4676 1739 4723 trram
1751 4661 1828 4732 (har.

1032 4741 1077 4796 25.
1092 4740 1127 4794 li
1139 4737 1167 4804 );
1181 4748 1208 4792 et
1222 4737 1370 4806 discipulus
1383 4737 1460 4792 taliis
1473 4738 1595 4792 arsenium
1608 4737 1736 4801 sidereus,
1747 4735 1830 4789 eorde

1033 4810 1150 4882 gladium
1170 4807 1292 4879 pararit:
1306 4807 1382 4862 lahiis
1396 4807 1454 4861 lacta
1470 4805 1594 4871 dieehat,
1604 4819 1632 4862 et
1644 4807 1725 4864 eorde
1738 4805 1829 4860 dolum

1033 4880 1182 4944 eructabat,
1207 4879 1320 4932 dicens:
1341 4877 1407 4943 dae,
1435 4878 1517 4932 ualli
1539 4881 1548 4949 (
1567 4878 1661 4934 llatth.
1685 4877 1730 4933 26.
1746 4878 1780 4932 le
1795 4879 1828 4944 );

1034 4953 1130 5009 deinde
1145 4949 1281 5003 osculatur
1290 4962 1363 5012 eum,
1374 4957 1401 5002 et
1413 4963 1559 5006 coarersas
1570 4951 1635 5004 dicit
1644 4948 1743 5004 ludaris
1752 4959 1828 5011 natu,

1034 5039 1088 5080 non
1103 5037 1178 5087 rarae,
1193 5019 1315 5088 Ligatam
1333 5018 1408 5072 illum
1420 5019 1555 5076 abducite.
1580 5019 1604 5076 0
1627 5020 1717 5089 inique
1742 5019 1829 5079 luda,

1033 5109 1087 5165 quo
1108 5092 1168 5146 duel
1184 5091 1262 5159 julres
1285 5103 1347 5145 enm
1360 5089 1405 5154 arsi
1418 5090 1501 5154 disit,
1528 5090 1624 5148 Gelam
1639 5091 1701 5144 mihi
1725 5091 1831 5142 diruam

1034 5176 1080 5228 eat,
1097 5172 1200 5218 etiarm
1214 5160 1349 5215 scabeilum
1376 5161 1467 5230 pedam
1486 5177 1599 5216 nuaram
1623 5160 1753 5233 (lsailili.
1772 5159 1829 5228 l)?

1069 5236 1096 5290 2.
1116 5233 1169 5290 Sed
1184 5232 1263 5287 rideo
1277 5233 1417 5288 caritatem
1440 5243 1558 5290 rostram
1577 5232 1776 5292 ardentiorem,
1803 5243 1829 5281 at

1033 5306 1170 5379 carpasia
1185 5303 1333 5374 angustiis:
1358 5302 1534 5375 rolehamqne
1560 5304 1603 5359 hic
1627 5303 1707 5358 linem
1721 5301 1827 5380 diarruti
1909 5336 1912 5344 ,

1036 5379 1142 5444 taceam
1156 5375 1203 5432 sed
1218 5376 1279 5445 arria
1294 5384 1411 5430 restrum
1423 5375 1547 5432 audiendi
1558 5375 1688 5438 studium,
1703 5382 1731 5428 ut
1745 5371 1828 5442 pltttl·

1035 5450 1084 5505 lius
1096 5463 1259 5520 persequar,
1274 5461 1317 5500 me
1329 5445 1470 5513 hortatur,
1484 5447 1517 5502 ad
1529 5445 1662 5502 sermonis
1673 5447 1772 5522 seriem
1785 5457 1828 5494 re·

1034 5529 1181 5576 vertamur.
1195 5521 1255 5584 dae,
1267 5518 1362 5587 inquit,
1371 5515 1462 5572 natu.
1478 5517 1604 5576 Clemens
1615 5531 1679 5573 vero
1691 5515 1825 5593 Darsnnnrs,

1037 5591 1163 5662 patientia
1181 5589 1324 5658 rreqrsitiam
1348 5587 1494 5658 proditoris
1506 5589 1627 5653 sim-eas,
1652 5599 1724 5642 recte
1739 5583 1828 5640 disits

1036 5663 1132 5726 hariae,
1148 5661 1182 5714 ad
1195 5659 1257 5729 guid
1277 5659 1389 5713 misisti?
1404 5659 1561 5728 Aarplector
1580 5669 1617 5724 te.
1632 5656 1711 5721 luda,
1725 5670 1778 5710 uon
1801 5662 1830 5709 ut

1036 5735 1176 5796 caritatem
1193 5730 1303 5804 indam,
1325 5745 1405 5812 gaam
1427 5729 1570 5814 ahy‘eeistiy
1597 5729 1646 5800 sed
1658 5735 1688 5800 ut
1700 5738 1828 5794 aracaeus
