4084 6350
155 283 193 338 ῖς
709 275 741 329 ιι
760 271 916 330 tosuuuu
934 271 1050 338 nouat.
1070 274 1105 332 x.
1125 276 1161 332 u.
1182 277 1229 336 nt.
1761 295 1795 352 rr

156 411 273 470 quaque
297 393 402 452 facilius
422 399 600 456 unreesomu,
619 401 699 460 qnam
714 389 788 444 terni
803 386 895 445 dotes.
922 387 952 444 st
1002 398 1105 460 suetus,
1118 402 1147 448 et
1160 393 1357 454 robismobis
1368 411 1417 454 cor
1427 401 1572 458 contritura
1583 414 1612 461 ct
1625 405 1793 468 bumiliatnm

157 491 209 548 aas
227 489 384 560 frequenter
397 484 573 556 cogitationes
587 481 847 548 animorersemus‚
860 480 882 536 si
896 493 951 538 me·
1004 483 1110 538 tribuat.
1134 483 1180 547 sie
1201 486 1275 544 enirn
1296 490 1443 558 poterimus
1466 502 1565 551 cetera
1584 512 1692 571 quoque
1715 502 1793 560 tacit„

155 582 245 640 moria
267 587 421 650 repetamus
435 591 483 636 eos
497 575 543 650 qui
564 575 590 632 in
610 574 709 630 uirtute
723 573 839 631 maxime
851 572 951 633 dorae·
1004 583 1145 644 prestare,
1159 575 1317 650 adglorians
1331 581 1437 641 bomini
1450 587 1535 643 nostri
1548 587 1735 661 tem-curten,
1747 610 1796 666 per

156 680 243 738 runt,
260 685 314 727 aon
326 668 405 725 laoile
421 666 543 724 diabolus
553 680 603 722 nos
617 663 713 722 ellerre
726 664 825 736 poterit
838 704 846 732 ,
864 679 950 736 quan·
1003 681 1085 738 quern
1096 676 1124 723 et
1134 683 1196 727 curn
1212 686 1268 740 quo
1282 671 1354 731 Patri
1368 689 1476 747 unaque
1494 678 1607 750 Spiritui
1629 687 1794 758 muretoglo-

154 760 259 820 turturis
272 760 439 826 contendat,
464 773 552 830 neque
576 758 644 814 inire
668 756 738 812 uiam
757 771 809 828 qua
823 769 873 812 nos
889 769 952 826 sup·
1003 759 1053 823 ria,
1070 757 1098 813 in
1112 760 1208 816 saecula
1221 764 1392 823 semiorum.
1407 771 1505 827 Amen,

155 854 272 926 plantet.
288 854 360 908 Deus
373 859 462 908 antean
477 849 628 918 humilium,
640 847 769 920 benignus
781 848 826 904 ille
839 855 867 904 et
876 862 952 902 mau-
1038 863 1046 880 ·

154 968 1799 1014 Q

883 1029 1052 1094 liubula
1072 1033 1114 1094 X.

239 1184 275 1239 ln
287 1181 392 1254 propria
403 1182 478 1246 uenit,
493 1189 516 1236 et
530 1181 570 1234 uri
584 1195 641 1234 eum
655 1195 706 1234 nou
718 1171 881 1249 receperunt.
1010 1178 1050 1234 sie
1063 1179 1100 1234 illi
1113 1183 1158 1250 qul
1170 1183 1210 1238 sui
1222 1195 1308 1254 erant,
1326 1188 1351 1244 in
1366 1193 1473 1264 propria
1486 1209 1535 1265 pro
1551 1196 1670 1273 ipsorum
1686 1205 1799 1262 utilitate

192 1278 220 1333 l.
241 1275 314 1331 Deus
326 1290 372 1330 nor
387 1273 421 1328 ad
434 1275 551 1328 ιὶτιιιιιιιι
564 1263 680 1342 impellit,
705 1271 787 1326 illusa
808 1277 896 1324 nortra
919 1267 953 1320 li·
1006 1271 1170 1342 venientem,
1186 1289 1345 1348 receperunt
1357 1297 1436 1339 eunt:
1453 1284 1507 1341 imo
1525 1291 1682 1362 repulerunt
1693 1314 1701 1353 ς
1712 1313 1800 1368 nequa

153 1371 264 1424 immae.
278 1366 367 1421 llonm
378 1366 509 1436 prolator,
524 1365 599 1418 uiam
618 1379 676 1417 cunr
694 1361 820 1433 supplicia
832 1361 951 1416 minatur.
1008 1361 1134 1423 boosatis
1146 1367 1211 1438 ipsis
1225 1369 1284 1435 luit,
1298 1372 1345 1430 sed
1359 1383 1433 1432 extra
1444 1378 1550 1436 vineam
1565 1383 1681 1454 ejectum
1695 1391 1801 1448 occide·

152 1461 245 1528 Qumis
270 1473 393 1530 generosa
416 1455 557 1512 Saloutaria
580 1457 682 1509 cadim.
702 1484 739 1495 -
759 1453 839 1514 Deus,
863 1459 955 1521 utpote
1009 1464 1074 1512 runt
1086 1457 1195 1533 illattlr.
1209 1459 1255 1517 il.
1269 1462 1326 1536 591.
1340 1465 1432 1538 Neque
1444 1477 1533 1528 tamen
1548 1475 1587 1530 sie
1602 1477 1675 1547 ipsos
1687 1496 1702 1536 a
1716 1484 1802 1551 poepi.

152 1553 279 1608 clemens
292 1558 320 1607 et
334 1551 480 1615 benelleus,
490 1549 588 1604 dilecte
598 1549 621 1616 ¹,
636 1546 702 1602 nibil
718 1561 770 1602 non
784 1545 838 1616 agit
850 1553 877 1600 et
889 1557 954 1614 ope·
1008 1546 1090 1603 tentia
1106 1550 1230 1616 exclusit,
1245 1554 1292 1610 sed
1307 1559 1442 1615 concessit
1455 1561 1510 1618 illis
1523 1573 1563 1633 ut,
1574 1567 1596 1632 si
1613 1580 1674 1640 post
1695 1582 1799 1630 tansum

153 1653 245 1712 ratur,
261 1653 292 1700 ut
305 1659 357 1700 uos
370 1643 471 1699 uirtute
483 1641 614 1714 splendidi
629 1641 731 1707 simus;
746 1639 817 1710 quod
831 1653 879 1692 nos
890 1637 955 1693 uelit
1009 1637 1112 1694 lacinus
1131 1643 1233 1698 sceiere
1249 1660 1297 1702 sua
1311 1647 1421 1708 abluere
1436 1654 1538 1712 uellent
1550 1672 1599 1728 per
1611 1659 1692 1718 lldetn
1709 1665 1736 1719 in
1758 1666 1801 1737 ip.

154 1747 285 1809 suceptae
298 1737 480 1810 probatosque
492 1749 572 1802 esse:
596 1733 675 1806 idque
688 1747 740 1788 non
755 1733 779 1785 ri
793 1739 838 1786 aut
854 1743 952 1785 neces·
1008 1739 1078 1794 sum,
1101 1729 1134 1784 lis
1151 1731 1196 1802 qui
1211 1733 1277 1790 nibil
1289 1737 1341 1792 tale
1353 1740 1536 1814 admisissent,
1557 1749 1611 1802 lmo
1630 1752 1802 1812 amicissimis

154 1831 251 1895 riute,
266 1827 316 1885 setl
334 1828 461 1884 suasione
482 1837 510 1884 et
531 1825 671 1894 benelleiis
693 1825 748 1879 suis
760 1823 880 1877 uolentes
894 1835 954 1874 orn·
1008 1818 1058 1874 sibi
1081 1835 1159 1890 pares
1179 1821 1277 1881 forent.
1300 1828 1550 1898 'erodautemnon
1564 1842 1704 1910 gratisne}
1718 1848 1801 1904 animi

154 1917 211 1978 nes
231 1921 317 1976 allicit
335 1927 365 1976 et
386 1919 420 1975 ad
441 1931 471 1975 se
494 1917 587 1973 trabit.
606 1914 785 1985 Quamobrem
804 1912 954 1968 uenientem
1008 1923 1090 1966 causa
1102 1913 1129 1969 id
1143 1913 1240 1980 dicam,
1258 1917 1398 1977 lraeclara
1413 1940 1478 1982 uoce
1492 1929 1670 1990 testificantur
1681 1936 1727 1993 illa
1740 1953 1801 1995 oru-

157 2013 240 2069 illum
253 2011 298 2067 alli
311 2017 483 2082 receperunt,
507 2008 552 2064 alil
575 2021 662 2062 secus.
687 2005 794 2061 Nullum
814 2003 885 2060 enim
899 2002 956 2057 uult
1009 2002 1052 2056 nla
1064 2018 1123 2074 quae
1134 2005 1215 2064 beato
1226 2009 1307 2066 tauto
1321 2015 1490 2086 contigerunt
1504 2037 1510 2073 :
1522 2023 1567 2092 qut
1576 2035 1716 2098 posquam
1727 2028 1802 2086 ειυς,

160 2103 274 2158 inritum
287 2101 329 2158 rel
345 2101 506 2157 necessitate
515 2107 637 2154 coactum
651 2111 758 2152 seruum
772 2095 890 2160 bubere;
908 2091 955 2149 sed
1010 2103 1082 2150 stunt
1096 2107 1156 2167 post
1169 2100 1228 2170 ejus
1243 2114 1355 2160 nrnrtem
1374 2120 1551 2182 persequutus
1568 2113 1665 2185 luerat,
1688 2120 1802 2194 ejusque

156 2189 782 2260 omneslibenteretesroluntatlsproposito
798 2185 900 2250 uenire,
925 2197 956 2240 ac
1009 2199 1153 2262 mamyrem
1179 2193 1346 2264 Stephanum
1375 2202 1519 2262 multorum
1545 2209 1669 2268 manibus
1695 2213 1798 2286 lapide·

155 2287 196 2342 tle
207 2285 256 2341 tali
265 2286 399 2342 seruitute
412 2283 523 2355 gratiam
537 2282 587 2353 ipsi
600 2279 710 2336 babere.
735 2277 863 2336 llomines
885 2275 956 2332 eninr
1009 2279 1155 2352 ruratio),
1178 2285 1238 2352 qnia
1261 2291 1441 2357 paenitentiam
1469 2297 1533 2366 egit,
1549 2308 1576 2354 et
1601 2310 1690 2358 errata
1712 2308 1802 2376 priora

156 2391 304 2434 serrorum
317 2375 467 2432 ministerio
481 2373 704 2445 opusbabentes,
725 2368 874 2442 ipsos¹uel
888 2367 957 2424 inti·
1010 2369 1155 2437 damnarit,
1180 2385 1259 2449 atque
1281 2379 1313 2433 ad
1338 2396 1399 2436 eum
1418 2398 1497 2455 quem
1521 2403 1701 2463 persequqqqs
1715 2394 1803 2453 suem

157 2479 204 2524 tos
225 2469 367 2524 servitutis
380 2466 432 2537 legi
448 2463 614 2536 subjiciunt:
630 2464 702 2520 benus
712 2471 801 2518 autem
811 2475 871 2518 cum
884 2461 958 2517 nullo
1007 2463 1133 2530 'protinus
1145 2469 1270 2535 accessit,
1284 2471 1374 2526 statim
1390 2471 1460 2530 inter
1471 2477 1582 2545 amieos,
1593 2491 1620 2537 et
1631 2483 1740 2554 quidem
1753 2487 1804 2557 ppt.

159 2563 293 2634 indigeat,
308 2561 428 2632 nullique
441 2558 605 2622 necessitati,
625 2572 677 2628 qua
692 2555 816 2611 homines
830 2567 956 2626 promnu·
1011 2553 1111 2609 nrarios
1133 2553 1253 2612 adlectus
1275 2569 1317 2616 est
1336 2577 1352 2616 a
1373 2562 1480 2621 Christo
1492 2569 1537 2640 qui
1553 2569 1640 2642 ipsum
1653 2590 1803 2644 praeconem

161 2663 220 2720 tur,
230 2655 267 2710 sit
280 2653 430 2723 subiectus,
456 2659 554 2706 nostrae
571 2649 666 2705 salutis
682 2662 764 2703 causa
782 2655 884 2702 tanturn
898 2659 957 2701 om·
1012 2645 1148 2718 totiusque
1162 2647 1236 2706 orbis
1248 2650 1387 2709 doctorem
1408 2660 1566 2730 cunstituit;
1586 2664 1632 2735 qui
1650 2651 1722 2736 prius
1743 2668 1804 2726 bla-

162 2746 292 2813 nialacit,
317 2745 422 2815 bocque
437 2743 530 2798 nostin
541 2740 652 2796 arbitrio
663 2749 690 2795 et
703 2739 832 2798 uoluntub'
849 2738 958 2810 permit·
986 2800 988 2804 .
1011 2734 1151 2804 spaeram,
1167 2751 1345 2811 persequutor
1356 2753 1383 2801 et
1395 2751 1604 2807 contumeliosus
1618 2754 1717 2813 furerat:
1735 2769 1764 2814 ut
1775 2770 1805 2816 ct

164 2838 202 2892 tit
216 2852 224 2891 r
237 2835 351 2907 ideaque
364 2833 516 2890 nolentibus
534 2832 634 2888 nullam
648 2829 760 2887 rimant
772 2829 957 2886 necessitatem

162 2929 257 2984 iniert.
280 2926 461 2984 senmurum
483 2923 554 2981 enirn
579 2922 666 2978 solnm
687 2929 791 2993 spectat
804 2921 955 2976 utilitatem.

162 3018 232 3075 nan
248 3017 346 3072 inritos
360 3015 394 3071 ad
407 3015 477 3071 bane
489 3011 558 3070 trabi
572 3014 770 3078 necessitatem,
796 3011 865 3068 idern
886 3019 960 3068 esset

161 3125 199 3166 ae
212 3109 290 3166 nullo
302 3107 384 3164 ruodo
398 3108 509 3163 seruire.
524 3107 577 3162 Cur
593 3120 668 3177 ergo,
682 3105 798 3177 inquies,
819 3103 894 3175 punit
911 3115 959 3159 eos

161 3205 213 3276 qui
228 3204 326 3259 nolunt
337 3201 386 3273 ipsi
400 3198 534 3273 obsequii
546 3208 574 3256 et
588 3215 635 3257 cur
649 3200 798 3271 gebennam
811 3196 959 3253 commina-

160 3307 209 3352 tus
218 3297 316 3361 estiis,
325 3299 368 3365 qui
381 3296 440 3365 ejus
453 3304 585 3365 praecepta
600 3309 653 3349 non
666 3290 959 3360 audiuutlQniaetiam

159 3388 317 3444 nobisnon
330 3386 593 3460 obtemperantibus,
616 3398 740 3455 magnum
763 3383 848 3439 nostri
867 3372 959 3438 curam
980 3390 982 3401 ·

161 3481 249 3552 gerit,
275 3488 365 3551 utpote
388 3478 491 3545 bonus:
514 3479 569 3534 iuro
589 3478 667 3533 nobis
684 3476 866 3533 resilientibus
878 3486 905 3531 ct
917 3474 960 3529 lu·

161 3573 313 3644 gientibus,
336 3587 388 3627 non
408 3572 538 3628 abscedit.
560 3572 627 3639 Quia
651 3572 732 3643 igitur
753 3571 868 3642 priorem
885 3563 960 3625 titani

164 3663 291 3721 beneticii
313 3662 383 3720 riam
402 3662 476 3721 adire
494 3664 642 3731 noluimus,
664 3678 715 3719 neo
729 3662 846 3719 suasioni
859 3660 960 3719 beuell·

163 3758 272 3827 ciisque
291 3756 421 3811 cessimus
438 3773 445 3812 ι
460 3754 572 3811 alterurn
593 3756 698 3810 indurit
715 3770 764 3826 per
783 3754 911 3825 supplicia
932 3763 960 3809 et

164 3849 320 3916 macutum
344 3862 404 3919 qum
427 3846 598 3905 acerbissima
614 3846 787 3919 quidemest,
803 3846 851 3902 sed
871 3856 960 3903 tamen

165 3940 334 3996 neeesorta.
357 3938 450 3995 Priore
463 3954 579 4011 numque
591 3946 756 4009 eorrtcmpta,
772 3938 888 3995 secunda
909 3954 958 3994 ne·

164 4031 287 4087 cessario
312 4029 459 4086 inducitur:
489 4029 554 4084 Nam
573 4038 600 4085 et
617 4030 705 4102 legum
729 4031 828 4087 latores
851 4045 961 4103 magnas

165 4136 316 4191 grauesque
329 4130 423 4176 contra
439 4129 580 4190 peccantes
593 4122 758 4177 constituunt
771 4136 863 4192 poenas
889 4140 896 4177 r
915 4138 961 4179 ne·

167 4228 223 4282 qtae
243 4220 332 4269 tamen
353 4212 415 4268 idco
428 4213 488 4267 illos
502 4226 666 4281 aremumur,
682 4212 737 4267 imo
748 4214 832 4285 magis
844 4214 962 4269 bonora-

167 4318 232 4359 mus
247 4305 384 4360 constituti
406 4304 527 4374 supplicii
549 4318 640 4371 causa,
662 4314 689 4359 et
704 4305 775 4375 quad
787 4304 857 4361 nulla
871 4316 960 4361 nostra

168 4413 204 4452 re
216 4398 374 4467 indigentes,
388 4398 441 4451 imo
456 4410 527 4465 saque
537 4396 619 4451 nescii
633 4397 739 4467 quinam
753 4396 840 4468 legum
852 4412 960 4453 suornm

168 4504 224 4559 upra
243 4488 352 4560 iurandi
375 4488 438 4556 siut,
462 4497 577 4543 attamen
592 4490 663 4545 bono
676 4488 738 4544 uitur
752 4498 850 4544 nostrae
865 4497 892 4547 et
906 4490 961 4545 rei·

171 4580 289 4651 publicae
303 4580 391 4636 ordini
407 4579 595 4649 aduigilnrunt,
606 4583 704 4636 uirtute
720 4582 845 4647 preditos
856 4580 959 4639 lrorrore

169 4672 330 4740 atterentes,
353 4670 492 4743 improbos
511 4682 600 4728 aarum
617 4681 645 4728 et
660 4680 809 4742 protervos,
833 4673 877 4746 qui
896 4672 961 4729 reli·

168 4782 288 4839 quoram
301 4768 418 4838 quietem
439 4765 556 4834 turbant,
576 4780 623 4836 per
645 4765 773 4836 supplicia
796 4775 961 4823 coercentes.

171 4860 251 4929 Quod
264 4860 286 4915 si
299 4858 350 4913 bos
364 4858 527 4913 admiremur
543 4867 572 4913 et
591 4858 742 4928 diligimus,
766 4872 856 4913 nonne
878 4858 964 4912 multa

170 4952 259 5021 nugis
269 4950 340 5006 [leus
352 4950 495 5007 obtentam
510 4948 645 5004 bominum
657 4962 747 5004 curant
757 4958 784 5003 et
796 4948 966 5005 admirandus

174 5041 348 5098 clamandus
360 5041 419 5096 esti
432 5041 592 5096 immensum
605 5040 703 5111 quippe
716 5040 858 5096 discrimen
873 5049 914 5095 est
926 5040 967 5094 in·

174 5142 218 5189 ter
228 5132 336 5188 illorum
347 5144 375 5189 et
387 5132 433 5187 [tei
448 5146 509 5204 erga
523 5146 573 5187 nos
587 5131 780 5203 prouidentiam
795 5150 801 5185 r
819 5130 967 5188 ineluibiles

173 5224 298 5297 piolccto
310 5232 337 5279 et
350 5236 430 5293 supra
446 5234 563 5279 ruentem
576 5237 685 5278 omnent
698 5230 761 5277 suut
773 5222 872 5278 divitias
888 5222 966 5275 boui-

174 5317 241 5371 tatis
254 5316 335 5370 illius.
351 5312 402 5370 llic
414 5314 531 5370 animum
546 5312 653 5368 adhibe.
668 5310 701 5366 ln
713 5312 817 5384 propria
827 5312 903 5380 uenit,
914 5326 967 5367 non

174 5407 346 5463 necessitatis
358 5421 415 5461 surm
428 5414 508 5461 causa
532 5406 542 5477 l
556 5406 629 5463 lleus
643 5404 751 5477 quippe,
767 5413 797 5461 ut
811 5405 876 5471 diui,
895 5405 969 5461 nullo

173 5498 310 5571 indiget),
323 5498 370 5556 sed
383 5498 416 5555 ad
429 5498 556 5555 benelleia
569 5498 627 5555 suis
640 5499 798 5571 prestanda.
817 5498 870 5557 Sed
885 5514 971 5571 noque

134 5676 138 5688 .
207 5630 670 5759 ζῗέἔὲὴὶειιωῗιιῃέιιιῶωιιιᾶιιιι.

1012 2827 1070 2896 lpse
1081 2827 1115 2886 tle
1130 2829 1175 2886 bei
1192 2831 1357 2904 benignitate
1376 2839 1524 2911 exsultans,
1541 2843 1599 2901 sino
1613 2849 1713 2904 rubore
1726 2853 1803 2907 testi·

1010 2915 1106 2974 lleatus
1120 2929 1171 2976 est.
1187 2921 1245 2992 lupo
1259 2934 1286 2980 et
1301 2927 1358 2996 ipse
1369 2929 1456 2998 priora
1468 2931 1585 2990 lucinum
1600 2953 1646 2993 sua
1662 2940 1806 3012 inscriptis
1837 2967 1842 2976 ·

1012 3009 1070 3064 suis
1081 3013 1157 3082 quasi
1171 3011 1198 3067 in
1212 3014 1289 3084 cippo
1299 3026 1419 3083 exarata,
1431 3023 1554 3081 omnibus
1567 3026 1712 3085 declararit
1727 3049 1734 3087 r
1749 3048 1806 3088 me·

1013 3097 1066 3153 lius
1084 3109 1181 3170 putans
1205 3100 1273 3166 lore,
1299 3105 1322 3159 si
1344 3107 1418 3176 prlor
1431 3112 1483 3165 rita
1500 3128 1547 3168 sna
1562 3117 1630 3185 apud
1644 3099 1738 3178 ornnes
1752 3131 1806 3177 tra·

1013 3188 1164 3259 duceretur,
1181 3203 1211 3248 nt
1222 3194 1306 3251 diuini
1320 3196 1384 3254 doni
1399 3204 1552 3272 magnitudo
1562 3206 1713 3280 ellulgeret,
1724 3226 1804 3285 quant

1013 3280 1037 3335 si
1051 3280 1118 3351 lpse,
1131 3292 1264 3357 neesrata
1274 3299 1322 3342 sua
1335 3288 1461 3347 omnibns
1475 3293 1633 3369 declararet,
1644 3300 1804 3359 ineffabilem

1014 3369 1063 3426 oet
1076 3370 1266 3443 benignitatem
1279 3376 1430 3449 obtegeret.
1452 3382 1607 3456 Propterea,
1622 3394 1807 3463 persequutio-

1015 3475 1072 3527 nes,
1094 3463 1214 3533 insidias,
1235 3466 1306 3523 bella
1320 3480 1413 3527 corrtra
1425 3472 1574 3533 Ecclesiam
1598 3480 1712 3538 excitata
1734 3499 1807 3556 sepe

1014 3556 1112 3625 sepius
1123 3570 1326 3628 commemorat,
1342 3564 1424 3621 modo
1437 3566 1550 3624 dicens:
1568 3570 1629 3628 Non
1647 3592 1702 3631 ram
1716 3576 1808 3651 dignm

1014 3648 1099 3701 rotari
1111 3649 1251 3720 apostolus,
1266 3653 1326 3722 quia
1341 3668 1504 3728 peraequatur
1519 3678 1575 3717 runt
1597 3662 1738 3722 Ecclesium
1760 3667 1807 3723 lter·

1015 3735 1054 3805 ii.
1068 3737 1127 3793 Cor.
1141 3740 1185 3797 lb.
1200 3740 1248 3811 bl:
1274 3744 1354 3801 ruodo
1367 3756 1468 3818 antem,
1487 3749 1563 3807 Venit
1574 3754 1651 3812 ieras
1664 3769 1808 3829 peccatores

1015 3830 1098 3883 ratam
1110 3830 1202 3900 farma,
1215 3850 1322 3904 quorum
1336 3840 1434 3907 primur
1447 3857 1493 3913 ego
1507 3860 1562 3898 aunt
1577 3846 1615 3917 (l.
1628 3846 1695 3904 Tim.
1704 3850 1729 3905 l.
1744 3852 1806 3921 t5);

1015 3932 1048 3973 aa
1063 3933 1181 3988 rursum,
1208 3923 1323 3982 Audistis
1341 3934 1553 3989 concenationem
1568 3953 1649 3995 nreoot
1669 3938 1808 4013 aliqnando
1870 3962 1875 3973 ·

1017 4010 1044 4063 irt
1060 4011 1202 4081 judaismo,
1222 4018 1341 4082 quoniam
1362 4036 1441 4090 supra
1461 4026 1564 4079 modam
1577 4030 1742 4099 persequebar
1756 4030 1808 4088 Ec·

1017 4104 1120 4159 aunan
1134 4104 1193 4173 oet,
1207 4117 1230 4162 et
1243 4111 1419 4182 expugnabam
1432 4114 1505 4171 iliano
1522 4118 1592 4190 (Gal.
1606 4123 1631 4177 l.
1644 4122 1698 4191 tal.

1023 4235 1027 4242 .
1051 4197 1080 4251 2.
1101 4198 1180 4254 Velut
1203 4202 1275 4257 eninr
1297 4206 1438 4275 quamdam
1459 4210 1543 4266 ricem
1564 4211 1671 4271 ctnism
1692 4217 1809 4277 reddens

1020 4290 1056 4344 ob
1070 4291 1226 4360 quatentium
1241 4308 1320 4365 qtram
1335 4312 1426 4352 secum
1439 4301 1606 4373 calribrterat,
1630 4317 1659 4361 ut
1681 4312 1808 4371 ostende-

1019 4394 1061 4438 ret
1071 4384 1195 4453 qualem,
1217 4396 1245 4441 et
1263 4388 1397 4454 quomodo
1417 4390 1520 4447 lrostent
1535 4405 1560 4450 et
1573 4396 1709 4457 inimicum
1722 4403 1809 4460 saluta
1907 4390 1914 4401 ⁸

1021 4476 1149 4557 donasset
1162 4493 1170 4533 :
1184 4480 1223 4532 sic
1235 4479 1320 4533 libere
1331 4482 1506 4543 trellum-illud
1520 4484 1656 4559 praedicat,
1668 4510 1722 4564 quo
1731 4495 1809 4551 Cbri·

1008 4604 1010 4611 ,
1025 4580 1098 4625 stum
1117 4572 1142 4625 in
1157 4570 1289 4641 principio
1302 4572 1428 4630 ardenter
1442 4576 1622 4650 impugnabat.
1646 4586 1713 4643 llinc
1723 4598 1812 4643 antem

1024 4660 1227 4729 desperantibus
1239 4676 1314 4733 spem
1328 4663 1424 4721 bonurn
1440 4668 1516 4724 indit.
1535 4671 1600 4727 llam
1615 4676 1652 4731 ait
1665 4676 1726 4733 ideo
1736 4678 1814 4734 Cirri-

1029 4761 1100 4808 strrm
1122 4768 1152 4810 se
1174 4754 1376 4824 resipiscentem
1396 4759 1546 4830 admisisse,
1571 4775 1600 4820 ut
1624 4767 1651 4823 in
1674 4785 1705 4825 se
1725 4761 1813 4839 prinin
1875 4752 1878 4759 ¹

1025 4844 1180 4900 ostenderet
1198 4860 1305 4900 ornnem
1319 4850 1487 4917 patientiam,
1509 4864 1536 4910 et
1548 4858 1692 4917 immensus
1704 4862 1810 4916 bouita-

1023 4935 1058 4989 tis
1083 4950 1139 4990 strae
1157 4935 1275 5003 diuitias,
1297 4938 1323 4992 io
1340 4944 1494 5008 exemptum
1510 4961 1602 5002 corum
1621 4952 1665 5020 qui
1681 4961 1771 5021 poster
1786 4954 1811 5008 iu

1022 5026 1251 5097 ipsuntcretlituri
1273 5040 1351 5086 erant
1370 5031 1396 5085 in
1418 5034 1498 5088 ritant
1520 5046 1658 5094 aeternam.
1682 5040 1811 5099 Graviora

1023 5122 1122 5190 quippe
1136 5122 1171 5175 ab
1187 5122 1252 5193 ipsis
1270 5122 1387 5180 admissa
1402 5124 1526 5196 lucrant,
1542 5146 1619 5200 qnam
1635 5114 1694 5203 qun
1708 5135 1813 5194 reniam

1024 5224 1207 5277 mererentur:
1219 5230 1278 5284 qum
1291 5214 1432 5273 declarans
1445 5222 1608 5292 evangelista
1624 5224 1729 5283 dicebat
1753 5248 1760 5284 :
1782 5230 1814 5285 la

1022 5305 1127 5376 propria
1145 5308 1221 5371 acuit,
1244 5317 1267 5361 et
1279 5309 1319 5361 aui
1333 5324 1391 5363 eum
1403 5326 1454 5365 non
1467 5320 1622 5382 receperant.
1645 5316 1723 5376 Unde
1743 5325 1816 5377 veuit

1024 5397 1106 5467 isqui
1121 5398 1211 5452 omnia
1223 5398 1328 5469 implet,
1348 5402 1393 5469 qui
1408 5402 1506 5471 ubique
1520 5419 1638 5474 presens
1657 5413 1717 5468 esti
1736 5431 1814 5484 quenr

1024 5490 1112 5545 loenm
1137 5490 1254 5561 reliquit,
1279 5492 1324 5561 qui
1347 5492 1438 5548 omnia
1451 5508 1536 5550 manu
1547 5504 1619 5553 tenet
1634 5514 1660 5557 et
1673 5506 1793 5559 eorrtinet
1807 5506 1818 5567 1,

1032 5678 1036 5687 .
1059 5633 1095 5697 (a)
1111 5631 1197 5682 Paulam
1216 5630 1345 5681 multorum
1365 5631 1477 5683 manibus
1494 5639 1642 5701 sepultum
1657 5641 1815 5706 lapidarent.

1027 5696 1083 5747 tlurn
1096 5705 1180 5744 eorum
1191 5693 1336 5744 uestimenta
1348 5703 1468 5743 seruaret.
