<?xml version="1.0" encoding="UTF-8"?>
<!DOCTYPE html PUBLIC "-//W3C//DTD XHTML 1.0 Transitional//EN"
    "http://www.w3.org/TR/xhtml1/DTD/xhtml1-transitional.dtd">
<html xmlns="http://www.w3.org/1999/xhtml" xml:lang="en" lang="en">
 <head>
  <title>
</title>
<meta http-equiv="Content-Type" content="text/html;charset=utf-8" />
  <meta name='ocr-system' content='tesseract 3.04.00' />
  <meta name='ocr-capabilities' content='ocr_page ocr_carea ocr_par ocr_line ocrx_word'/>
</head>
<body>
  <div class='ocr_page' id='page_1' title='image "./patrologicursus100migngoog_0018.png"; bbox 0 0 4084 6350; ppageno 0'>
   <div class='ocr_carea' id='block_1_1' title="bbox 240 358 1895 447">
    <p class='ocr_par' dir='ltr' id='par_1_1' title="bbox 240 358 1895 447">
     <span class='ocr_line' id='line_1_1' title="bbox 240 358 1895 447; baseline 0.013 -22"><span class='ocrx_word' id='word_1_1' title='bbox 240 381 294 439; x_wconf 20' lang='grc' dir='ltr'><strong><em>λη</em></strong></span> <span class='ocrx_word' id='word_1_2' title='bbox 641 378 827 440; x_wconf 78' lang='lat' dir='ltr'><strong><em>stosnms</em></strong></span> <span class='ocrx_word' id='word_1_3' title='bbox 840 373 1080 436; x_wconf 74' lang='lat' dir='ltr'><strong><em>dromonum</em></strong></span> <span class='ocrx_word' id='word_1_4' title='bbox 1095 373 1254 434; x_wconf 78' lang='lat' dir='ltr'><strong><em>sncrrrnr.</em></strong></span> <span class='ocrx_word' id='word_1_5' title='bbox 1274 375 1539 435; x_wconf 76' lang='lat' dir='ltr'><strong><em>consrsnnsor.</em></strong></span> <span class='ocrx_word' id='word_1_6' title='bbox 1684 358 1688 363; x_wconf 79' lang='grc'><strong>’</strong></span> <span class='ocrx_word' id='word_1_7' title='bbox 1860 385 1895 447; x_wconf 82' lang='lat' dir='ltr'><strong><em>ss</em></strong></span> 
     </span>
    </p>
   </div>
   <div class='ocr_carea' id='block_1_2' title="bbox 252 469 1898 1882">
    <p class='ocr_par' dir='ltr' id='par_1_2' title="bbox 256 469 1896 629">
     <span class='ocr_line' id='line_1_2' title="bbox 256 469 1896 552; baseline -0.003 -16"><span class='ocrx_word' id='word_1_8' title='bbox 256 503 261 510; x_wconf 93' lang='lat'><strong>·</strong></span> <span class='ocrx_word' id='word_1_9' title='bbox 300 471 433 536; x_wconf 75' lang='lat' dir='ltr'><strong><em>Initium</em></strong></span> <span class='ocrx_word' id='word_1_10' title='bbox 444 493 456 533; x_wconf 83' lang='grc'><strong><em>.-</em></strong></span> <span class='ocrx_word' id='word_1_11' title='bbox 467 469 592 548; x_wconf 83' lang='lat' dir='ltr'><strong><em>Quanto</em></strong></span> <span class='ocrx_word' id='word_1_12' title='bbox 603 475 770 552; x_wconf 72' lang='lat' dir='ltr'><strong><em>pauciores</em></strong></span> <span class='ocrx_word' id='word_1_13' title='bbox 786 477 860 534; x_wconf 91' lang='lat' dir='ltr'><strong><em>sunt</em></strong></span> <span class='ocrx_word' id='word_1_14' title='bbox 870 471 896 533; x_wconf 90' lang='lat' dir='ltr'><strong><em>ii</em></strong></span> <span class='ocrx_word' id='word_1_15' title='bbox 909 471 965 551; x_wconf 87' lang='lat' dir='ltr'><strong><em>qui</em></strong></span> <span class='ocrx_word' id='word_1_16' title='bbox 975 469 1139 531; x_wconf 85' lang='lat' dir='ltr'><strong><em>convenire</em></strong></span> <span class='ocrx_word' id='word_1_17' title='bbox 1154 469 1310 540; x_wconf 81' lang='lat' dir='ltr'><strong><em>sotebant,</em></strong></span> <span class='ocrx_word' id='word_1_18' title='bbox 1331 477 1419 533; x_wconf 90' lang='lat' dir='ltr'><strong><em>tanto</em></strong></span> <span class='ocrx_word' id='word_1_19' title='bbox 1437 472 1554 552; x_wconf 70' lang='lat' dir='ltr'><strong><em>moJ‘ore</em></strong></span> <span class='ocrx_word' id='word_1_20' title='bbox 1570 488 1628 533; x_wconf 91' lang='lat' dir='ltr'><strong><em>nos</em></strong></span> <span class='ocrx_word' id='word_1_21' title='bbox 1641 480 1766 537; x_wconf 89' lang='lat' dir='ltr'><strong><em>utemur</em></strong></span> <span class='ocrx_word' id='word_1_22' title='bbox 1773 477 1896 545; x_wconf 77' lang='lat' dir='ltr'><strong><em>docri-</em></strong></span> 
     </span>
     <span class='ocr_line' id='line_1_3' title="bbox 258 548 1377 629; baseline -0.004 -15"><span class='ocrx_word' id='word_1_23' title='bbox 258 559 331 614; x_wconf 86' lang='lat' dir='ltr'><strong><em>tate.</em></strong></span> <span class='ocrx_word' id='word_1_24' title='bbox 354 552 368 612; x_wconf 94' lang='lat' dir='ltr'><strong><em>l</em></strong></span> <span class='ocrx_word' id='word_1_25' title='bbox 392 569 427 613; x_wconf 89' lang='lat' dir='ltr'><strong><em>se</em></strong></span> <span class='ocrx_word' id='word_1_26' title='bbox 447 551 560 612; x_wconf 90' lang='lat' dir='ltr'><strong><em>titulus</em></strong></span> <span class='ocrx_word' id='word_1_27' title='bbox 575 550 652 612; x_wconf 88' lang='lat' dir='ltr'><strong><em>satis</em></strong></span> <span class='ocrx_word' id='word_1_28' title='bbox 667 551 786 614; x_wconf 84' lang='lat' dir='ltr'><strong><em>indicat</em></strong></span> <span class='ocrx_word' id='word_1_29' title='bbox 800 549 876 629; x_wconf 90' lang='lat' dir='ltr'><strong><em>quid</em></strong></span> <span class='ocrx_word' id='word_1_30' title='bbox 888 549 922 610; x_wconf 91' lang='lat' dir='ltr'><strong><em>in</em></strong></span> <span class='ocrx_word' id='word_1_31' title='bbox 936 549 998 612; x_wconf 88' lang='lat' dir='ltr'><strong><em>hac</em></strong></span> <span class='ocrx_word' id='word_1_32' title='bbox 1011 548 1147 629; x_wconf 76' lang='lat' dir='ltr'><strong><em>homilia</em></strong></span> <span class='ocrx_word' id='word_1_33' title='bbox 1160 549 1377 612; x_wconf 87' lang='lat' dir='ltr'><strong><em>contineatur.</em></strong></span> 
     </span>
    </p>

    <p class='ocr_par' dir='ltr' id='par_1_3' title="bbox 255 625 1898 863">
     <span class='ocr_line' id='line_1_4' title="bbox 296 625 1898 713; baseline 0.005 -23"><span class='ocrx_word' id='word_1_34' title='bbox 296 625 335 691; x_wconf 83' lang='lat' dir='ltr'><strong><em>V.</em></strong></span> <span class='ocrx_word' id='word_1_35' title='bbox 374 626 753 710; x_wconf 71' lang='lat' dir='ltr'><strong><em>piudmsltomitinltadita</em></strong></span> <span class='ocrx_word' id='word_1_36' title='bbox 766 627 923 707; x_wconf 89' lang='lat' dir='ltr'><strong><em>intemplo</em></strong></span> <span class='ocrx_word' id='word_1_37' title='bbox 936 627 1177 695; x_wconf 62' lang='lat' dir='ltr'><strong><em>sanctonensi.</em></strong></span> <span class='ocrx_word' id='word_1_38' title='bbox 1191 627 1340 690; x_wconf 87' lang='lat' dir='ltr'><strong><em>destudio</em></strong></span> <span class='ocrx_word' id='word_1_39' title='bbox 1352 643 1457 688; x_wconf 87' lang='lat' dir='ltr'><strong><em>eorum</em></strong></span> <span class='ocrx_word' id='word_1_40' title='bbox 1468 629 1524 708; x_wconf 91' lang='lat' dir='ltr'><strong><em>qui</em></strong></span> <span class='ocrx_word' id='word_1_41' title='bbox 1533 628 1675 698; x_wconf 88' lang='lat' dir='ltr'><strong><em>aderant,</em></strong></span> <span class='ocrx_word' id='word_1_42' title='bbox 1684 640 1714 693; x_wconf 85' lang='lat' dir='ltr'><strong><em>et</em></strong></span> <span class='ocrx_word' id='word_1_43' title='bbox 1723 631 1760 694; x_wconf 91' lang='lat' dir='ltr'><strong><em>de</em></strong></span> <span class='ocrx_word' id='word_1_44' title='bbox 1770 634 1898 713; x_wconf 87' lang='lat' dir='ltr'><strong><em>iqnaoia</em></strong></span> 
     </span>
     <span class='ocr_line' id='line_1_5' title="bbox 257 704 1898 795; baseline 0.004 -29"><span class='ocrx_word' id='word_1_45' title='bbox 257 724 363 770; x_wconf 86' lang='lat' dir='ltr'><strong><em>eorum</em></strong></span> <span class='ocrx_word' id='word_1_46' title='bbox 377 707 433 786; x_wconf 91' lang='lat' dir='ltr'><strong><em>qui</em></strong></span> <span class='ocrx_word' id='word_1_47' title='bbox 445 705 573 768; x_wconf 79' lang='lat' dir='ltr'><strong><em>admont</em></strong></span> <span class='ocrx_word' id='word_1_48' title='bbox 588 726 609 767; x_wconf 90' lang='lat' dir='ltr'><strong><em>a</em></strong></span> <span class='ocrx_word' id='word_1_49' title='bbox 621 709 780 782; x_wconf 84' lang='lat' dir='ltr'><strong><em>concione.</em></strong></span> <span class='ocrx_word' id='word_1_50' title='bbox 792 709 838 768; x_wconf 80' lang='lat' dir='ltr'><strong><em>Ite</em></strong></span> <span class='ocrx_word' id='word_1_51' title='bbox 849 704 977 788; x_wconf 80' lang='lat' dir='ltr'><strong><em>psalmis</em></strong></span> <span class='ocrx_word' id='word_1_52' title='bbox 990 704 1155 774; x_wconf 86' lang='lat' dir='ltr'><strong><em>canendis,</em></strong></span> <span class='ocrx_word' id='word_1_53' title='bbox 1167 713 1196 766; x_wconf 92' lang='lat' dir='ltr'><strong><em>et</em></strong></span> <span class='ocrx_word' id='word_1_54' title='bbox 1208 705 1293 786; x_wconf 85' lang='lat' dir='ltr'><strong><em>quod</em></strong></span> <span class='ocrx_word' id='word_1_55' title='bbox 1306 707 1448 772; x_wconf 89' lang='lat' dir='ltr'><strong><em>mutieres</em></strong></span> <span class='ocrx_word' id='word_1_56' title='bbox 1461 705 1542 792; x_wconf 78' lang='lat' dir='ltr'><strong><em>aedit</em></strong></span> <span class='ocrx_word' id='word_1_57' title='bbox 1551 725 1645 769; x_wconf 76' lang='lat' dir='ltr'><strong><em>secus</em></strong></span> <span class='ocrx_word' id='word_1_58' title='bbox 1657 709 1807 791; x_wconf 89' lang='lat' dir='ltr'><strong><em>impediat</em></strong></span> <span class='ocrx_word' id='word_1_59' title='bbox 1820 731 1898 795; x_wconf 87' lang='lat' dir='ltr'><strong><em>quo·</em></strong></span> 
     </span>
     <span class='ocr_line' id='line_1_6' title="bbox 255 784 1633 863; baseline -0.001 -15"><span class='ocrx_word' id='word_1_60' title='bbox 255 785 504 848; x_wconf 83' lang='lat' dir='ltr'><strong><em>minusoirtutis</em></strong></span> <span class='ocrx_word' id='word_1_61' title='bbox 522 802 645 844; x_wconf 89' lang='lat' dir='ltr'><strong><em>cursum</em></strong></span> <span class='ocrx_word' id='word_1_62' title='bbox 669 784 855 863; x_wconf 86' lang='lat' dir='ltr'><strong><em>suscipiant.</em></strong></span> <span class='ocrx_word' id='word_1_63' title='bbox 1630 858 1633 863; x_wconf 10' lang='lat' dir='ltr'>y</span> 
     </span>
    </p>

    <p class='ocr_par' dir='ltr' id='par_1_4' title="bbox 252 861 1898 1160">
     <span class='ocr_line' id='line_1_7' title="bbox 295 861 1898 1000; baseline 0.003 -78"><span class='ocrx_word' id='word_1_64' title='bbox 295 862 454 952; x_wconf 77' lang='lat' dir='ltr'><strong><em>Initium:</em></strong></span> <span class='ocrx_word' id='word_1_65' title='bbox 468 862 1069 956; x_wconf 40' lang='lat' dir='ltr'><strong><em>Quamdtdciss&#39;imaestscripturorum</em></strong></span> <span class='ocrx_word' id='word_1_66' title='bbox 1086 861 1179 924; x_wconf 84' lang='lat' dir='ltr'><strong><em>lectio</em></strong></span> <span class='ocrx_word' id='word_1_67' title='bbox 1194 870 1224 922; x_wconf 89' lang='lat' dir='ltr'><strong><em>et</em></strong></span> <span class='ocrx_word' id='word_1_68' title='bbox 1236 861 1321 956; x_wconf 80' lang='lat' dir='ltr'><strong><em>omni</em></strong></span> <span class='ocrx_word' id='word_1_69' title='bbox 1340 869 1439 1000; x_wconf 47' lang='lat' dir='ltr'><strong><em>prato</em></strong></span> <span class='ocrx_word' id='word_1_70' title='bbox 1464 865 1608 933; x_wconf 88' lang='lat' dir='ltr'><strong><em>saacior,</em></strong></span> <span class='ocrx_word' id='word_1_71' title='bbox 1635 863 1728 947; x_wconf 83' lang='lat' dir='ltr'><strong><em>atque</em></strong></span> <span class='ocrx_word' id='word_1_72' title='bbox 1747 872 1898 949; x_wconf 82' lang='lat' dir='ltr'><strong><em>pomario</em></strong></span> 
     </span>
     <span class='ocr_line' id='line_1_8' title="bbox 252 938 1897 1108; baseline 0.005 -30"><span class='ocrx_word' id='word_1_73' title='bbox 252 938 1594 1098; x_wconf 41' lang='grc' dir='ltr'><strong><em>Ραῧῗᾳιῗῖοἶῑξῖἱοῧιῠᾶῗίἳὲἐξιειουειῑῖἓίἓῗεέῗῗὲῗοῗῖιῗᾟιξῃᾶἒισωΐῗιῗὲἳοῗίἰῖξὶρηατονίε,</em></strong></span> <span class='ocrx_word' id='word_1_74' title='bbox 1611 1021 1761 1085; x_wconf 84' lang='lat' dir='ltr'><strong><em>adversus</em></strong></span> <span class='ocrx_word' id='word_1_75' title='bbox 1774 1044 1825 1088; x_wconf 90' lang='lat' dir='ltr'><strong><em>ecs</em></strong></span> <span class='ocrx_word' id='word_1_76' title='bbox 1840 1027 1897 1108; x_wconf 89' lang='lat' dir='ltr'><strong><em>qui</em></strong></span> 
     </span>
     <span class='ocr_line' id='line_1_9' title="bbox 253 1039 887 1160; baseline 0.008 -5"><span class='ocrx_word' id='word_1_77' title='bbox 253 1113 317 1156; x_wconf 88' lang='lat' dir='ltr'><strong><em>sese</em></strong></span> <span class='ocrx_word' id='word_1_78' title='bbox 330 1095 479 1158; x_wconf 79' lang='lat' dir='ltr'><strong><em>Cotdoros</em></strong></span> <span class='ocrx_word' id='word_1_79' title='bbox 491 1097 554 1158; x_wconf 88' lang='lat' dir='ltr'><strong><em>sice</em></strong></span> <span class='ocrx_word' id='word_1_80' title='bbox 566 1097 699 1159; x_wconf 90' lang='lat' dir='ltr'><strong><em>mundos</em></strong></span> <span class='ocrx_word' id='word_1_81' title='bbox 712 1106 837 1160; x_wconf 83' lang='lat' dir='ltr'><strong><em>cocant.</em></strong></span> <span class='ocrx_word' id='word_1_82' title='bbox 852 1039 887 1160; x_wconf 54' lang='lat' dir='ltr'>fi</span> 
     </span>
    </p>

    <p class='ocr_par' dir='ltr' id='par_1_5' title="bbox 254 1173 1898 1727">
     <span class='ocr_line' id='line_1_10' title="bbox 293 1173 1896 1256; baseline 0.006 -20"><span class='ocrx_word' id='word_1_83' title='bbox 293 1173 429 1236; x_wconf 75' lang='lat' dir='ltr'><strong><em>Initium</em></strong></span> <span class='ocrx_word' id='word_1_84' title='bbox 441 1194 452 1236; x_wconf 92' lang='lat'><strong><em>.·</em></strong></span> <span class='ocrx_word' id='word_1_85' title='bbox 465 1173 565 1252; x_wconf 86' lang='lat' dir='ltr'><strong><em>Quam</em></strong></span> <span class='ocrx_word' id='word_1_86' title='bbox 578 1177 734 1256; x_wconf 88' lang='lat' dir='ltr'><strong><em>cqreqium</em></strong></span> <span class='ocrx_word' id='word_1_87' title='bbox 749 1185 792 1239; x_wconf 90' lang='lat' dir='ltr'><strong><em>est</em></strong></span> <span class='ocrx_word' id='word_1_88' title='bbox 808 1195 869 1256; x_wconf 85' lang='lat' dir='ltr'><strong><em>par</em></strong></span> <span class='ocrx_word' id='word_1_89' title='bbox 879 1176 962 1238; x_wconf 85' lang='lat' dir='ltr'><strong><em>illud</em></strong></span> <span class='ocrx_word' id='word_1_90' title='bbox 977 1194 1083 1239; x_wconf 89' lang='lat' dir='ltr'><strong><em>eorum</em></strong></span> <span class='ocrx_word' id='word_1_91' title='bbox 1095 1176 1151 1255; x_wconf 90' lang='lat' dir='ltr'><strong><em>qui</em></strong></span> <span class='ocrx_word' id='word_1_92' title='bbox 1165 1175 1265 1238; x_wconf 88' lang='lat' dir='ltr'><strong><em>locuti</em></strong></span> <span class='ocrx_word' id='word_1_93' title='bbox 1275 1183 1364 1245; x_wconf 86' lang='lat' dir='ltr'><strong><em>sunt,</em></strong></span> <span class='ocrx_word' id='word_1_94' title='bbox 1377 1193 1511 1255; x_wconf 79' lang='lat' dir='ltr'><strong><em>quorum</em></strong></span> <span class='ocrx_word' id='word_1_95' title='bbox 1523 1177 1708 1239; x_wconf 82' lang='lat' dir='ltr'><strong><em>aliusioum</em></strong></span> <span class='ocrx_word' id='word_1_96' title='bbox 1718 1181 1896 1246; x_wconf 87' lang='lat' dir='ltr'><strong><em>ministerio</em></strong></span> 
     </span>
     <span class='ocr_line' id='line_1_11' title="bbox 254 1252 1896 1334; baseline 0.005 -21"><span class='ocrx_word' id='word_1_97' title='bbox 254 1269 360 1314; x_wconf 90' lang='lat' dir='ltr'><strong><em>arcam</em></strong></span> <span class='ocrx_word' id='word_1_98' title='bbox 370 1252 479 1322; x_wconf 86' lang='lat' dir='ltr'><strong><em>traltit,</em></strong></span> <span class='ocrx_word' id='word_1_99' title='bbox 492 1253 575 1316; x_wconf 87' lang='lat' dir='ltr'><strong><em>otius</em></strong></span> <span class='ocrx_word' id='word_1_100' title='bbox 586 1255 745 1334; x_wconf 75' lang='lat' dir='ltr'><strong><em>primitias</em></strong></span> <span class='ocrx_word' id='word_1_101' title='bbox 754 1273 929 1318; x_wconf 85' lang='lat' dir='ltr'><strong><em>sermonum</em></strong></span> <span class='ocrx_word' id='word_1_102' title='bbox 941 1255 1096 1334; x_wconf 89' lang='lat' dir='ltr'><strong><em>deposuit.</em></strong></span> <span class='ocrx_word' id='word_1_103' title='bbox 1112 1255 1188 1314; x_wconf 77' lang='lat' dir='ltr'><strong><em>licat</em></strong></span> <span class='ocrx_word' id='word_1_104' title='bbox 1199 1253 1345 1332; x_wconf 75' lang='lat' dir='ltr'><strong><em>qumdnm</em></strong></span> <span class='ocrx_word' id='word_1_105' title='bbox 1358 1255 1530 1316; x_wconf 87' lang='lat' dir='ltr'><strong><em>constituta</em></strong></span> <span class='ocrx_word' id='word_1_106' title='bbox 1540 1255 1608 1317; x_wconf 90' lang='lat' dir='ltr'><strong><em>dies</em></strong></span> <span class='ocrx_word' id='word_1_107' title='bbox 1620 1257 1660 1318; x_wconf 88' lang='lat' dir='ltr'><strong><em>ad</em></strong></span> <span class='ocrx_word' id='word_1_108' title='bbox 1670 1259 1896 1322; x_wconf 79' lang='lat' dir='ltr'><strong><em>celebrandam</em></strong></span> 
     </span>
     <span class='ocr_line' id='line_1_12' title="bbox 254 1330 1897 1417; baseline 0.006 -27"><span class='ocrx_word' id='word_1_109' title='bbox 254 1333 442 1394; x_wconf 77' lang='lat' dir='ltr'><strong><em>memoriam</em></strong></span> <span class='ocrx_word' id='word_1_110' title='bbox 455 1331 626 1395; x_wconf 83' lang='lat' dir='ltr'><strong><em>Theodosii</em></strong></span> <span class='ocrx_word' id='word_1_111' title='bbox 642 1334 750 1412; x_wconf 82' lang='lat' dir='ltr'><strong><em>Magni</em></strong></span> <span class='ocrx_word' id='word_1_112' title='bbox 767 1334 986 1413; x_wconf 85' lang='lat' dir='ltr'><strong><em>imperatoris.</em></strong></span> <span class='ocrx_word' id='word_1_113' title='bbox 999 1333 1092 1412; x_wconf 89' lang='lat' dir='ltr'><strong><em>cujus</em></strong></span> <span class='ocrx_word' id='word_1_114' title='bbox 1107 1330 1218 1396; x_wconf 85' lang='lat' dir='ltr'><strong><em>laudes</em></strong></span> <span class='ocrx_word' id='word_1_115' title='bbox 1240 1333 1391 1408; x_wconf 75' lang='lat' dir='ltr'><strong><em>praedicat</em></strong></span> <span class='ocrx_word' id='word_1_116' title='bbox 1408 1331 1502 1393; x_wconf 92' lang='lat' dir='ltr'><strong><em>initio</em></strong></span> <span class='ocrx_word' id='word_1_117' title='bbox 1513 1334 1679 1396; x_wconf 75' lang='lat' dir='ltr'><strong><em>concionis</em></strong></span> <span class='ocrx_word' id='word_1_118' title='bbox 1700 1335 1897 1417; x_wconf 67' lang='lat' dir='ltr'><strong><em>Chr-psonto-</em></strong></span> 
     </span>
     <span class='ocr_line' id='line_1_13' title="bbox 255 1408 1897 1490; baseline 0.007 -21"><span class='ocrx_word' id='word_1_119' title='bbox 255 1423 340 1470; x_wconf 89' lang='lat' dir='ltr'><strong><em>mus.</em></strong></span> <span class='ocrx_word' id='word_1_120' title='bbox 354 1410 391 1470; x_wconf 94' lang='lat' dir='ltr'><strong><em>ln</em></strong></span> <span class='ocrx_word' id='word_1_121' title='bbox 405 1408 508 1472; x_wconf 91' lang='lat' dir='ltr'><strong><em>medio</em></strong></span> <span class='ocrx_word' id='word_1_122' title='bbox 522 1417 630 1474; x_wconf 91' lang='lat' dir='ltr'><strong><em>aulem</em></strong></span> <span class='ocrx_word' id='word_1_123' title='bbox 643 1411 749 1474; x_wconf 85' lang='lat' dir='ltr'><strong><em>hiatus</em></strong></span> <span class='ocrx_word' id='word_1_124' title='bbox 763 1419 823 1485; x_wconf 89' lang='lat' dir='ltr'><strong><em>est,</em></strong></span> <span class='ocrx_word' id='word_1_125' title='bbox 837 1413 918 1490; x_wconf 92' lang='lat' dir='ltr'><strong><em>proh</em></strong></span> <span class='ocrx_word' id='word_1_126' title='bbox 930 1411 1035 1484; x_wconf 90' lang='lat' dir='ltr'><strong><em>dolor,</em></strong></span> <span class='ocrx_word' id='word_1_127' title='bbox 1048 1411 1175 1472; x_wconf 83' lang='lat' dir='ltr'><strong><em>duobos</em></strong></span> <span class='ocrx_word' id='word_1_128' title='bbox 1187 1411 1303 1472; x_wconf 76' lang='lat' dir='ltr'><strong><em>excisis</em></strong></span> <span class='ocrx_word' id='word_1_129' title='bbox 1315 1410 1524 1487; x_wconf 86' lang='lat' dir='ltr'><strong><em>manuscripti</em></strong></span> <span class='ocrx_word' id='word_1_130' title='bbox 1538 1411 1634 1472; x_wconf 86' lang='lat' dir='ltr'><strong><em>toliis.</em></strong></span> <span class='ocrx_word' id='word_1_131' title='bbox 1648 1413 1770 1475; x_wconf 85' lang='lat' dir='ltr'><strong><em>Deinde</em></strong></span> <span class='ocrx_word' id='word_1_132' title='bbox 1783 1419 1897 1482; x_wconf 83' lang='lat' dir='ltr'><strong><em>contra</em></strong></span> 
     </span>
     <span class='ocr_line' id='line_1_14' title="bbox 254 1484 1896 1571; baseline 0.007 -25"><span class='ocrx_word' id='word_1_133' title='bbox 254 1484 421 1560; x_wconf 71' lang='lat' dir='ltr'><strong><em>hereticos</em></strong></span> <span class='ocrx_word' id='word_1_134' title='bbox 439 1487 511 1550; x_wconf 88' lang='lat' dir='ltr'><strong><em>illos</em></strong></span> <span class='ocrx_word' id='word_1_135' title='bbox 526 1491 592 1570; x_wconf 82' lang='lat' dir='ltr'><strong><em>agit</em></strong></span> <span class='ocrx_word' id='word_1_136' title='bbox 611 1491 668 1567; x_wconf 85' lang='lat' dir='ltr'><strong><em>qui</em></strong></span> <span class='ocrx_word' id='word_1_137' title='bbox 689 1509 724 1552; x_wconf 91' lang='lat' dir='ltr'><strong><em>se</em></strong></span> <span class='ocrx_word' id='word_1_138' title='bbox 737 1489 892 1553; x_wconf 87' lang='lat' dir='ltr'><strong><em>Catharos</em></strong></span> <span class='ocrx_word' id='word_1_139' title='bbox 907 1507 965 1554; x_wconf 86' lang='lat' dir='ltr'><strong><em>seu</em></strong></span> <span class='ocrx_word' id='word_1_140' title='bbox 983 1489 1120 1550; x_wconf 83' lang='lat' dir='ltr'><strong><em>mundos</em></strong></span> <span class='ocrx_word' id='word_1_141' title='bbox 1134 1488 1351 1568; x_wconf 79' lang='lat' dir='ltr'><strong><em>appellabant.</em></strong></span> <span class='ocrx_word' id='word_1_142' title='bbox 1372 1489 1462 1567; x_wconf 78' lang='lat' dir='ltr'><strong><em>Saepe</em></strong></span> <span class='ocrx_word' id='word_1_143' title='bbox 1472 1490 1643 1552; x_wconf 80' lang='lat' dir='ltr'><strong><em>eveniebat</em></strong></span> <span class='ocrx_word' id='word_1_144' title='bbox 1654 1497 1707 1564; x_wconf 90' lang='lat' dir='ltr'><strong><em>nt,</em></strong></span> <span class='ocrx_word' id='word_1_145' title='bbox 1719 1498 1896 1571; x_wconf 78' lang='lat' dir='ltr'><strong><em>anteqtmm</em></strong></span> 
     </span>
     <span class='ocr_line' id='line_1_15' title="bbox 254 1563 1898 1651; baseline 0.005 -25"><span class='ocrx_word' id='word_1_146' title='bbox 254 1563 507 1646; x_wconf 73' lang='lat' dir='ltr'><strong><em>Chrysostomus</em></strong></span> <span class='ocrx_word' id='word_1_147' title='bbox 515 1566 681 1651; x_wconf 82' lang='lat' dir='ltr'><strong><em>homiliam</em></strong></span> <span class='ocrx_word' id='word_1_148' title='bbox 697 1585 789 1630; x_wconf 90' lang='lat' dir='ltr'><strong><em>suam</em></strong></span> <span class='ocrx_word' id='word_1_149' title='bbox 802 1569 935 1631; x_wconf 85' lang='lat' dir='ltr'><strong><em>haberet</em></strong></span> <span class='ocrx_word' id='word_1_150' title='bbox 947 1568 986 1630; x_wconf 84' lang='lat' dir='ltr'><strong><em>ad</em></strong></span> <span class='ocrx_word' id='word_1_151' title='bbox 1000 1568 1156 1646; x_wconf 88' lang='lat' dir='ltr'><strong><em>populum</em></strong></span> <span class='ocrx_word' id='word_1_152' title='bbox 1169 1612 1178 1641; x_wconf 87' lang='lat'>,</span> <span class='ocrx_word' id='word_1_153' title='bbox 1191 1567 1274 1630; x_wconf 86' lang='lat' dir='ltr'><strong><em>alius</em></strong></span> <span class='ocrx_word' id='word_1_154' title='bbox 1287 1568 1458 1645; x_wconf 84' lang='lat' dir='ltr'><strong><em>opiscopus</em></strong></span> <span class='ocrx_word' id='word_1_155' title='bbox 1473 1568 1732 1631; x_wconf 86' lang='lat' dir='ltr'><strong><em>concionaretur.</em></strong></span> <span class='ocrx_word' id='word_1_156' title='bbox 1743 1570 1803 1634; x_wconf 87' lang='lat' dir='ltr'><strong><em>liic</em></strong></span> <span class='ocrx_word' id='word_1_157' title='bbox 1817 1590 1898 1636; x_wconf 80' lang='lat' dir='ltr'><strong><em>vero</em></strong></span> 
     </span>
     <span class='ocr_line' id='line_1_16' title="bbox 254 1639 1158 1727; baseline 0.002 -24"><span class='ocrx_word' id='word_1_158' title='bbox 254 1639 319 1704; x_wconf 92' lang='lat' dir='ltr'><strong><em>duo</em></strong></span> <span class='ocrx_word' id='word_1_159' title='bbox 333 1643 473 1724; x_wconf 80' lang='lat' dir='ltr'><strong><em>episcopi</em></strong></span> <span class='ocrx_word' id='word_1_160' title='bbox 493 1647 681 1708; x_wconf 89' lang='lat' dir='ltr'><strong><em>concionem</em></strong></span> <span class='ocrx_word' id='word_1_161' title='bbox 692 1645 911 1727; x_wconf 72' lang='lat' dir='ltr'><strong><em>chrysostomi</em></strong></span> <span class='ocrx_word' id='word_1_162' title='bbox 923 1650 1158 1726; x_wconf 75' lang='lat' dir='ltr'><strong><em>prevenerant.</em></strong></span> 
     </span>
    </p>

    <p class='ocr_par' dir='ltr' id='par_1_6' title="bbox 294 1719 1153 1806">
     <span class='ocr_line' id='line_1_17' title="bbox 294 1719 1153 1806; baseline 0.002 -24"><span class='ocrx_word' id='word_1_163' title='bbox 294 1719 363 1782; x_wconf 87' lang='lat' dir='ltr'><strong><em>vll.</em></strong></span> <span class='ocrx_word' id='word_1_164' title='bbox 387 1721 530 1784; x_wconf 86' lang='lat' dir='ltr'><strong><em>Homitia</em></strong></span> <span class='ocrx_word' id='word_1_165' title='bbox 542 1723 649 1787; x_wconf 79' lang='lat' dir='ltr'><strong><em>hadita</em></strong></span> <span class='ocrx_word' id='word_1_166' title='bbox 660 1724 696 1786; x_wconf 91' lang='lat' dir='ltr'><strong><em>in</em></strong></span> <span class='ocrx_word' id='word_1_167' title='bbox 711 1724 823 1806; x_wconf 86' lang='lat' dir='ltr'><strong><em>templo</em></strong></span> <span class='ocrx_word' id='word_1_168' title='bbox 838 1734 953 1786; x_wconf 84' lang='lat' dir='ltr'><strong><em>sancte</em></strong></span> <span class='ocrx_word' id='word_1_169' title='bbox 970 1725 1153 1786; x_wconf 83' lang='lat' dir='ltr'><strong><em>Anastasia.</em></strong></span> 
     </span>
    </p>

    <p class='ocr_par' dir='ltr' id='par_1_7' title="bbox 294 1799 1896 1882">
     <span class='ocr_line' id='line_1_18' title="bbox 294 1799 1896 1882; baseline 0.006 -22"><span class='ocrx_word' id='word_1_170' title='bbox 294 1799 453 1864; x_wconf 87' lang='lat' dir='ltr'><strong><em>Initium:</em></strong></span> <span class='ocrx_word' id='word_1_171' title='bbox 466 1801 615 1864; x_wconf 86' lang='lat' dir='ltr'><strong><em>Modicus</em></strong></span> <span class='ocrx_word' id='word_1_172' title='bbox 629 1812 672 1865; x_wconf 90' lang='lat' dir='ltr'><strong><em>est</em></strong></span> <span class='ocrx_word' id='word_1_173' title='bbox 682 1806 883 1882; x_wconf 79' lang='lat' dir='ltr'><strong><em>praeentiam</em></strong></span> <span class='ocrx_word' id='word_1_174' title='bbox 897 1802 1138 1871; x_wconf 83' lang='lat' dir='ltr'><strong><em>concentus‚sed</em></strong></span> <span class='ocrx_word' id='word_1_175' title='bbox 1149 1819 1294 1882; x_wconf 82' lang='lat' dir='ltr'><strong><em>maqrrum</em></strong></span> <span class='ocrx_word' id='word_1_176' title='bbox 1306 1800 1493 1864; x_wconf 87' lang='lat' dir='ltr'><strong><em>desiderium</em></strong></span> <span class='ocrx_word' id='word_1_177' title='bbox 1506 1822 1516 1860; x_wconf 92' lang='grc'><strong><em>.·</em></strong></span> <span class='ocrx_word' id='word_1_178' title='bbox 1529 1811 1721 1882; x_wconf 89' lang='lat' dir='ltr'><strong><em>quapropter</em></strong></span> <span class='ocrx_word' id='word_1_179' title='bbox 1730 1822 1785 1866; x_wconf 89' lang='lat' dir='ltr'><strong><em>noc</em></strong></span> <span class='ocrx_word' id='word_1_180' title='bbox 1796 1807 1896 1868; x_wconf 89' lang='lat' dir='ltr'><strong><em>modi-</em></strong></span> 
     </span>
    </p>
   </div>
   <div class='ocr_carea' id='block_1_3' title="bbox 886 1096 1778 1178">
    <p class='ocr_par' dir='ltr' id='par_1_8' title="bbox 886 1096 1778 1178">
     <span class='ocr_line' id='line_1_19' title="bbox 886 1096 1778 1178; baseline 0.006 -20"><span class='ocrx_word' id='word_1_181' title='bbox 886 1096 973 1159; x_wconf 82' lang='lat' dir='ltr'><strong><em>abita</em></strong></span> <span class='ocrx_word' id='word_1_182' title='bbox 980 1105 1148 1178; x_wconf 88' lang='lat' dir='ltr'><strong><em>postquam</em></strong></span> <span class='ocrx_word' id='word_1_183' title='bbox 1162 1096 1225 1158; x_wconf 88' lang='lat' dir='ltr'><strong><em>duo</em></strong></span> <span class='ocrx_word' id='word_1_184' title='bbox 1233 1097 1303 1176; x_wconf 90' lang='lat' dir='ltr'><strong><em>jam</em></strong></span> <span class='ocrx_word' id='word_1_185' title='bbox 1320 1097 1459 1177; x_wconf 75' lang='lat' dir='ltr'><strong><em>episcopi</em></strong></span> <span class='ocrx_word' id='word_1_186' title='bbox 1472 1100 1654 1161; x_wconf 88' lang='lat' dir='ltr'><strong><em>concionati</em></strong></span> <span class='ocrx_word' id='word_1_187' title='bbox 1667 1109 1778 1163; x_wconf 90' lang='lat' dir='ltr'><strong><em>essent.</em></strong></span> 
     </span>
    </p>
   </div>
   <div class='ocr_carea' id='block_1_4' title="bbox 130 1881 1896 1962">
    <p class='ocr_par' dir='ltr' id='par_1_9' title="bbox 130 1881 1896 1962">
     <span class='ocr_line' id='line_1_20' title="bbox 130 1881 1896 1962; baseline 0.005 -24"><span class='ocrx_word' id='word_1_188' title='bbox 130 1917 140 1932; x_wconf 75' lang='lat'><strong><em>.</em></strong></span> <span class='ocrx_word' id='word_1_189' title='bbox 256 1895 311 1938; x_wconf 91' lang='lat' dir='ltr'><strong><em>cus</em></strong></span> <span class='ocrx_word' id='word_1_190' title='bbox 329 1889 499 1940; x_wconf 83' lang='lat' dir='ltr'><strong><em>conventos</em></strong></span> <span class='ocrx_word' id='word_1_191' title='bbox 513 1888 568 1942; x_wconf 87' lang='lat' dir='ltr'><strong><em>est.</em></strong></span> <span class='ocrx_word' id='word_1_192' title='bbox 582 1881 620 1943; x_wconf 92' lang='lat' dir='ltr'><strong><em>ln</em></strong></span> <span class='ocrx_word' id='word_1_193' title='bbox 643 1881 703 1944; x_wconf 90' lang='lat' dir='ltr'><strong><em>hoc</em></strong></span> <span class='ocrx_word' id='word_1_194' title='bbox 716 1887 823 1944; x_wconf 91' lang='lat' dir='ltr'><strong><em>autem</em></strong></span> <span class='ocrx_word' id='word_1_195' title='bbox 841 1887 1033 1960; x_wconf 77' lang='lat' dir='ltr'><strong><em>argumento</em></strong></span> <span class='ocrx_word' id='word_1_196' title='bbox 1045 1898 1103 1958; x_wconf 88' lang='lat' dir='ltr'><strong><em>per</em></strong></span> <span class='ocrx_word' id='word_1_197' title='bbox 1117 1886 1217 1942; x_wconf 84' lang='lat' dir='ltr'><strong><em>totam</em></strong></span> <span class='ocrx_word' id='word_1_198' title='bbox 1230 1881 1418 1943; x_wconf 86' lang='lat' dir='ltr'><strong><em>concionem</em></strong></span> <span class='ocrx_word' id='word_1_199' title='bbox 1431 1881 1570 1956; x_wconf 81' lang='lat' dir='ltr'><strong><em>insistit,</em></strong></span> <span class='ocrx_word' id='word_1_200' title='bbox 1585 1897 1651 1942; x_wconf 88' lang='lat' dir='ltr'><strong><em>uon</em></strong></span> <span class='ocrx_word' id='word_1_201' title='bbox 1665 1887 1732 1944; x_wconf 93' lang='lat' dir='ltr'><strong><em>tam</em></strong></span> <span class='ocrx_word' id='word_1_202' title='bbox 1747 1890 1896 1962; x_wconf 84' lang='lat' dir='ltr'><strong><em>spectau-</em></strong></span> 
     </span>
    </p>
   </div>
   <div class='ocr_carea' id='block_1_5' title="bbox 254 1953 1979 4075">
    <p class='ocr_par' dir='ltr' id='par_1_10' title="bbox 255 1953 1873 2037">
     <span class='ocr_line' id='line_1_21' title="bbox 255 1953 1873 2037; baseline 0.005 -22"><span class='ocrx_word' id='word_1_203' title='bbox 255 1953 328 2018; x_wconf 86' lang='lat' dir='ltr'><strong><em>dam</em></strong></span> <span class='ocrx_word' id='word_1_204' title='bbox 344 1974 414 2020; x_wconf 90' lang='lat' dir='ltr'><strong><em>esse</em></strong></span> <span class='ocrx_word' id='word_1_205' title='bbox 425 1957 608 2020; x_wconf 85' lang='lat' dir='ltr'><strong><em>auditorum</em></strong></span> <span class='ocrx_word' id='word_1_206' title='bbox 625 1959 860 2022; x_wconf 87' lang='lat' dir='ltr'><strong><em>multitudinem</em></strong></span> <span class='ocrx_word' id='word_1_207' title='bbox 871 2005 880 2030; x_wconf 87' lang='lat'><strong>‚</strong></span> <span class='ocrx_word' id='word_1_208' title='bbox 893 1977 992 2037; x_wconf 86' lang='lat' dir='ltr'><strong><em>quam</em></strong></span> <span class='ocrx_word' id='word_1_209' title='bbox 1007 1959 1136 2021; x_wconf 89' lang='lat' dir='ltr'><strong><em>illorum</em></strong></span> <span class='ocrx_word' id='word_1_210' title='bbox 1149 1959 1328 2031; x_wconf 79' lang='lat' dir='ltr'><strong><em>fervorem,</em></strong></span> <span class='ocrx_word' id='word_1_211' title='bbox 1339 1975 1501 2030; x_wconf 87' lang='lat' dir='ltr'><strong><em>amorem,</em></strong></span> <span class='ocrx_word' id='word_1_212' title='bbox 1512 1958 1655 2019; x_wconf 81' lang='lat' dir='ltr'><strong><em>distendi</em></strong></span> <span class='ocrx_word' id='word_1_213' title='bbox 1668 1960 1873 2024; x_wconf 75' lang='lat' dir='ltr'><strong><em>desiderium.</em></strong></span> 
     </span>
    </p>

    <p class='ocr_par' dir='ltr' id='par_1_11' title="bbox 256 2032 1965 2176">
     <span class='ocr_line' id='line_1_22' title="bbox 279 2032 1965 2173; baseline 0.005 -79"><span class='ocrx_word' id='word_1_214' title='bbox 279 2032 378 2173; x_wconf 58' lang='lat' dir='ltr'><strong><em>&#39;VIII&#39;</em></strong></span> <span class='ocrx_word' id='word_1_215' title='bbox 394 2035 429 2096; x_wconf 89' lang='lat' dir='ltr'><em>H</em></span> <span class='ocrx_word' id='word_1_216' title='bbox 430 2035 538 2098; x_wconf 91' lang='lat' dir='ltr'><strong><em>omitia</em></strong></span> <span class='ocrx_word' id='word_1_217' title='bbox 550 2035 657 2100; x_wconf 83' lang='lat' dir='ltr'><strong><em>habito</em></strong></span> <span class='ocrx_word' id='word_1_218' title='bbox 671 2040 704 2102; x_wconf 91' lang='lat' dir='ltr'><strong><em>in</em></strong></span> <span class='ocrx_word' id='word_1_219' title='bbox 721 2035 849 2100; x_wconf 83' lang='lat' dir='ltr'><strong><em>ccclesia</em></strong></span> <span class='ocrx_word' id='word_1_220' title='bbox 862 2038 958 2101; x_wconf 85' lang='lat' dir='ltr'><strong><em>Ponti</em></strong></span> <span class='ocrx_word' id='word_1_221' title='bbox 968 2084 975 2108; x_wconf 91' lang='lat'>‚</span> <span class='ocrx_word' id='word_1_222' title='bbox 987 2037 1013 2100; x_wconf 85' lang='lat' dir='ltr'><em>G</em></span> <span class='ocrx_word' id='word_1_223' title='bbox 1018 2036 1113 2099; x_wconf 90' lang='lat' dir='ltr'><strong><em>ottitis</em></strong></span> <span class='ocrx_word' id='word_1_224' title='bbox 1124 2037 1309 2116; x_wconf 80' lang='lat' dir='ltr'><strong><em>tepentibus,</em></strong></span> <span class='ocrx_word' id='word_1_225' title='bbox 1322 2044 1489 2116; x_wconf 81' lang='lat' dir='ltr'><strong><em>postquam</em></strong></span> <span class='ocrx_word' id='word_1_226' title='bbox 1503 2035 1639 2098; x_wconf 81' lang='lat' dir='ltr'><strong><em>Gotthus</em></strong></span> <span class='ocrx_word' id='word_1_227' title='bbox 1648 2038 1896 2119; x_wconf 82' lang='lat' dir='ltr'><strong><em>presiptercon-</em></strong></span> <span class='ocrx_word' id='word_1_228' title='bbox 1961 2085 1965 2095; x_wconf 84' lang='lat'><em>·</em></span> 
     </span>
     <span class='ocr_line' id='line_1_23' title="bbox 256 2123 526 2176; baseline 0.015 -4"><span class='ocrx_word' id='word_1_229' title='bbox 256 2127 329 2173; x_wconf 85' lang='lat' dir='ltr'><strong><em>eron</em></strong></span> <span class='ocrx_word' id='word_1_230' title='bbox 364 2133 400 2174; x_wconf 87' lang='lat' dir='ltr'><strong><em>us</em></strong></span> <span class='ocrx_word' id='word_1_231' title='bbox 429 2123 526 2176; x_wconf 74' lang='lat' dir='ltr'><strong><em>nnat.</em></strong></span> 
     </span>
    </p>

    <p class='ocr_par' dir='ltr' id='par_1_12' title="bbox 255 2115 1921 2587">
     <span class='ocr_line' id='line_1_24' title="bbox 295 2115 1900 2276; baseline 0.007 -26"><span class='ocrx_word' id='word_1_232' title='bbox 295 2115 456 2255; x_wconf 64' lang='lat' dir='ltr'><strong><em>Initiunsr:</em></strong></span> <span class='ocrx_word' id='word_1_233' title='bbox 479 2191 590 2254; x_wconf 84' lang='lat' dir='ltr'><strong><em>Vellem</em></strong></span> <span class='ocrx_word' id='word_1_234' title='bbox 611 2193 702 2256; x_wconf 85' lang='lat' dir='ltr'><strong><em>hodie</em></strong></span> <span class='ocrx_word' id='word_1_235' title='bbox 718 2195 821 2258; x_wconf 86' lang='lat' dir='ltr'><strong><em>adesse</em></strong></span> <span class='ocrx_word' id='word_1_236' title='bbox 833 2195 972 2264; x_wconf 81' lang='lat' dir='ltr'><strong><em>Grecos,</em></strong></span> <span class='ocrx_word' id='word_1_237' title='bbox 988 2202 1021 2256; x_wconf 89' lang='lat' dir='ltr'><strong><em>ut</em></strong></span> <span class='ocrx_word' id='word_1_238' title='bbox 1039 2213 1106 2276; x_wconf 86' lang='lat' dir='ltr'><strong><em>qua</em></strong></span> <span class='ocrx_word' id='word_1_239' title='bbox 1124 2195 1204 2258; x_wconf 87' lang='lat' dir='ltr'><strong><em>lecta</em></strong></span> <span class='ocrx_word' id='word_1_240' title='bbox 1217 2201 1292 2256; x_wconf 89' lang='lat' dir='ltr'><strong><em>sunt</em></strong></span> <span class='ocrx_word' id='word_1_241' title='bbox 1304 2193 1469 2262; x_wconf 82' lang='lat' dir='ltr'><strong><em>ascdirent,</em></strong></span> <span class='ocrx_word' id='word_1_242' title='bbox 1486 2187 1515 2254; x_wconf 78' lang='lat' dir='ltr'><strong><em>ei</em></strong></span> <span class='ocrx_word' id='word_1_243' title='bbox 1538 2192 1691 2271; x_wconf 71' lang='lat' dir='ltr'><strong><em>discerent</em></strong></span> <span class='ocrx_word' id='word_1_244' title='bbox 1713 2208 1832 2274; x_wconf 86' lang='lat' dir='ltr'><strong><em>quanta</em></strong></span> <span class='ocrx_word' id='word_1_245' title='bbox 1854 2199 1900 2262; x_wconf 82' lang='lat' dir='ltr'><strong><em>ste</em></strong></span> 
     </span>
     <span class='ocr_line' id='line_1_25' title="bbox 257 2266 1905 2351; baseline 0.002 -21"><span class='ocrx_word' id='word_1_246' title='bbox 257 2270 405 2350; x_wconf 77' lang='lat' dir='ltr'><strong><em>crucifici</em></strong></span> <span class='ocrx_word' id='word_1_247' title='bbox 425 2272 538 2333; x_wconf 84' lang='lat' dir='ltr'><strong><em>virtus.</em></strong></span> <span class='ocrx_word' id='word_1_248' title='bbox 561 2270 732 2351; x_wconf 77' lang='lat' dir='ltr'><strong><em>comparat</em></strong></span> <span class='ocrx_word' id='word_1_249' title='bbox 750 2274 928 2336; x_wconf 85' lang='lat' dir='ltr'><strong><em>doctrinam</em></strong></span> <span class='ocrx_word' id='word_1_250' title='bbox 947 2275 1132 2336; x_wconf 76' lang='lat' dir='ltr'><strong><em>(leucorum</em></strong></span> <span class='ocrx_word' id='word_1_251' title='bbox 1152 2273 1415 2344; x_wconf 79' lang='lat' dir='ltr'><strong><em>idololatrarum,</em></strong></span> <span class='ocrx_word' id='word_1_252' title='bbox 1430 2269 1592 2347; x_wconf 87' lang='lat' dir='ltr'><strong><em>etiamque</em></strong></span> <span class='ocrx_word' id='word_1_253' title='bbox 1606 2266 1871 2351; x_wconf 81' lang='lat' dir='ltr'><strong><em>philosophorum</em></strong></span> <span class='ocrx_word' id='word_1_254' title='bbox 1884 2318 1905 2347; x_wconf 87' lang='lat'><strong><em>‚.</em></strong></span> 
     </span>
     <span class='ocr_line' id='line_1_26' title="bbox 255 2347 1902 2431; baseline 0.004 -24"><span class='ocrx_word' id='word_1_255' title='bbox 255 2362 338 2424; x_wconf 88' lang='lat' dir='ltr'><strong><em>quos</em></strong></span> <span class='ocrx_word' id='word_1_256' title='bbox 362 2349 480 2410; x_wconf 88' lang='lat' dir='ltr'><strong><em>acriter</em></strong></span> <span class='ocrx_word' id='word_1_257' title='bbox 500 2351 641 2422; x_wconf 89' lang='lat' dir='ltr'><strong><em>mordet,</em></strong></span> <span class='ocrx_word' id='word_1_258' title='bbox 657 2368 730 2412; x_wconf 92' lang='lat' dir='ltr'><strong><em>cum</em></strong></span> <span class='ocrx_word' id='word_1_259' title='bbox 749 2350 895 2415; x_wconf 88' lang='lat' dir='ltr'><strong><em>doctrina</em></strong></span> <span class='ocrx_word' id='word_1_260' title='bbox 912 2351 1043 2414; x_wconf 81' lang='lat' dir='ltr'><strong><em>Christi.</em></strong></span> <span class='ocrx_word' id='word_1_261' title='bbox 1061 2352 1209 2431; x_wconf 89' lang='lat' dir='ltr'><strong><em>Dicitque</em></strong></span> <span class='ocrx_word' id='word_1_262' title='bbox 1229 2352 1317 2414; x_wconf 88' lang='lat' dir='ltr'><strong><em>illam</em></strong></span> <span class='ocrx_word' id='word_1_263' title='bbox 1336 2353 1433 2414; x_wconf 88' lang='lat' dir='ltr'><strong><em>etiam</em></strong></span> <span class='ocrx_word' id='word_1_264' title='bbox 1450 2347 1535 2426; x_wconf 90' lang='lat' dir='ltr'><strong><em>apud</em></strong></span> <span class='ocrx_word' id='word_1_265' title='bbox 1556 2349 1688 2412; x_wconf 80' lang='lat' dir='ltr'><strong><em>Graecos</em></strong></span> <span class='ocrx_word' id='word_1_266' title='bbox 1708 2351 1794 2429; x_wconf 89' lang='lat' dir='ltr'><strong><em>ipsos</em></strong></span> <span class='ocrx_word' id='word_1_267' title='bbox 1813 2369 1902 2431; x_wconf 81' lang='lat' dir='ltr'><strong><em>peno</em></strong></span> 
     </span>
     <span class='ocr_line' id='line_1_27' title="bbox 256 2421 1897 2522; baseline 0.006 -38"><span class='ocrx_word' id='word_1_268' title='bbox 256 2424 428 2516; x_wconf 76' lang='lat' dir='ltr'><strong><em>interiisse,</em></strong></span> <span class='ocrx_word' id='word_1_269' title='bbox 446 2427 522 2488; x_wconf 90' lang='lat' dir='ltr'><strong><em>dum</em></strong></span> <span class='ocrx_word' id='word_1_270' title='bbox 538 2427 684 2492; x_wconf 86' lang='lat' dir='ltr'><strong><em>doctriua</em></strong></span> <span class='ocrx_word' id='word_1_271' title='bbox 698 2429 816 2491; x_wconf 87' lang='lat' dir='ltr'><strong><em>Christi</em></strong></span> <span class='ocrx_word' id='word_1_272' title='bbox 831 2431 916 2522; x_wconf 69' lang='lat' dir='ltr'><strong><em>riget</em></strong></span> <span class='ocrx_word' id='word_1_273' title='bbox 927 2431 1025 2492; x_wconf 85' lang='lat' dir='ltr'><strong><em>etiam</em></strong></span> <span class='ocrx_word' id='word_1_274' title='bbox 1039 2430 1125 2510; x_wconf 90' lang='lat' dir='ltr'><strong><em>apud</em></strong></span> <span class='ocrx_word' id='word_1_275' title='bbox 1140 2421 1446 2506; x_wconf 76' lang='lat' dir='ltr'><strong><em>barbarasellonga</em></strong></span> <span class='ocrx_word' id='word_1_276' title='bbox 1459 2432 1607 2489; x_wconf 80' lang='lat' dir='ltr'><strong><em>remotas</em></strong></span> <span class='ocrx_word' id='word_1_277' title='bbox 1614 2429 1784 2502; x_wconf 62' lang='lat' dir='ltr'><strong><em>uodonem</em></strong></span> <span class='ocrx_word' id='word_1_278' title='bbox 1802 2446 1897 2494; x_wconf 88' lang='lat' dir='ltr'><strong><em>occa·</em></strong></span> 
     </span>
     <span class='ocr_line' id='line_1_28' title="bbox 255 2499 1921 2587; baseline 0.002 -23"><span class='ocrx_word' id='word_1_279' title='bbox 255 2519 348 2564; x_wconf 79' lang='lat' dir='ltr'><strong><em>sione</em></strong></span> <span class='ocrx_word' id='word_1_280' title='bbox 360 2505 481 2568; x_wconf 86' lang='lat' dir='ltr'><strong><em>scilicet</em></strong></span> <span class='ocrx_word' id='word_1_281' title='bbox 502 2505 693 2569; x_wconf 87' lang='lat' dir='ltr'><strong><em>Gotthorum</em></strong></span> <span class='ocrx_word' id='word_1_282' title='bbox 706 2499 741 2568; x_wconf 89' lang='lat' dir='ltr'><strong><em>in</em></strong></span> <span class='ocrx_word' id='word_1_283' title='bbox 757 2509 894 2571; x_wconf 79' lang='lat' dir='ltr'><strong><em>ecclesia</em></strong></span> <span class='ocrx_word' id='word_1_284' title='bbox 908 2506 1085 2587; x_wconf 77' lang='lat' dir='ltr'><strong><em>legentium</em></strong></span> <span class='ocrx_word' id='word_1_285' title='bbox 1099 2516 1130 2570; x_wconf 91' lang='lat' dir='ltr'><strong><em>et</em></strong></span> <span class='ocrx_word' id='word_1_286' title='bbox 1143 2507 1416 2570; x_wconf 86' lang='lat' dir='ltr'><strong><em>concionantium.</em></strong></span> <span class='ocrx_word' id='word_1_287' title='bbox 1795 2529 1800 2538; x_wconf 92' lang='lat'><strong>·</strong></span> <span class='ocrx_word' id='word_1_288' title='bbox 1918 2563 1921 2568; x_wconf 88' lang='lat'><strong><em>.</em></strong></span> 
     </span>
    </p>

    <p class='ocr_par' dir='ltr' id='par_1_13' title="bbox 254 2580 1907 3216">
     <span class='ocr_line' id='line_1_29' title="bbox 294 2580 1897 2672; baseline 0.004 -31"><span class='ocrx_word' id='word_1_289' title='bbox 294 2580 352 2642; x_wconf 81' lang='lat' dir='ltr'><strong><em>lx.</em></strong></span> <span class='ocrx_word' id='word_1_290' title='bbox 374 2583 541 2664; x_wconf 79' lang='lat' dir='ltr'><strong><em>Ejusdem,</em></strong></span> <span class='ocrx_word' id='word_1_291' title='bbox 557 2584 641 2664; x_wconf 86' lang='lat' dir='ltr'><strong><em>quod</em></strong></span> <span class='ocrx_word' id='word_1_292' title='bbox 657 2586 798 2648; x_wconf 84' lang='lat' dir='ltr'><strong><em>accedere</em></strong></span> <span class='ocrx_word' id='word_1_293' title='bbox 824 2605 890 2648; x_wconf 91' lang='lat' dir='ltr'><strong><em>non</em></strong></span> <span class='ocrx_word' id='word_1_294' title='bbox 903 2595 1047 2664; x_wconf 87' lang='lat' dir='ltr'><strong><em>oporteat</em></strong></span> <span class='ocrx_word' id='word_1_295' title='bbox 1068 2587 1111 2648; x_wconf 91' lang='lat' dir='ltr'><strong><em>ad</em></strong></span> <span class='ocrx_word' id='word_1_296' title='bbox 1135 2587 1296 2649; x_wconf 77' lang='lat' dir='ltr'><strong><em>Circenses</em></strong></span> <span class='ocrx_word' id='word_1_297' title='bbox 1315 2584 1423 2650; x_wconf 81' lang='lat' dir='ltr'><strong><em>ludos.</em></strong></span> <span class='ocrx_word' id='word_1_298' title='bbox 1438 2601 1543 2672; x_wconf 76' lang='lat' dir='ltr'><strong><em>nsque·</em></strong></span> <span class='ocrx_word' id='word_1_299' title='bbox 1556 2583 1598 2645; x_wconf 84' lang='lat' dir='ltr'><strong><em>od</em></strong></span> <span class='ocrx_word' id='word_1_300' title='bbox 1612 2582 1744 2647; x_wconf 77' lang='lat' dir='ltr'><strong><em>theatra.</em></strong></span> <span class='ocrx_word' id='word_1_301' title='bbox 1760 2585 1897 2667; x_wconf 80' lang='lat' dir='ltr'><strong><em>Cnsmqus</em></strong></span> 
     </span>
     <span class='ocr_line' id='line_1_30' title="bbox 255 2657 1907 2752; baseline 0.004 -33"><span class='ocrx_word' id='word_1_302' title='bbox 255 2657 328 2722; x_wconf 88' lang='lat' dir='ltr'><strong><em>iilos</em></strong></span> <span class='ocrx_word' id='word_1_303' title='bbox 344 2679 472 2723; x_wconf 69' lang='lat' dir='ltr'><strong><em>maerore</em></strong></span> <span class='ocrx_word' id='word_1_304' title='bbox 485 2661 653 2742; x_wconf 79' lang='lat' dir='ltr'><strong><em>affecisset,</em></strong></span> <span class='ocrx_word' id='word_1_305' title='bbox 670 2663 680 2740; x_wconf 88' lang='grc'>(</span> <span class='ocrx_word' id='word_1_306' title='bbox 688 2665 723 2726; x_wconf 92' lang='lat' dir='ltr'><strong><em>in</em></strong></span> <span class='ocrx_word' id='word_1_307' title='bbox 741 2664 928 2744; x_wconf 83' lang='lat' dir='ltr'><strong><em>procedenti</em></strong></span> <span class='ocrx_word' id='word_1_308' title='bbox 942 2665 1085 2727; x_wconf 82' lang='lat' dir='ltr'><strong><em>uidelicet</em></strong></span> <span class='ocrx_word' id='word_1_309' title='bbox 1099 2665 1269 2742; x_wconf 46' lang='lat' dir='ltr'><strong><em>concione).</em></strong></span> <span class='ocrx_word' id='word_1_310' title='bbox 1277 2662 1445 2740; x_wconf 86' lang='lat' dir='ltr'><strong><em>deindeque</em></strong></span> <span class='ocrx_word' id='word_1_311' title='bbox 1457 2663 1641 2752; x_wconf 73' lang='lat' dir='ltr'><strong><em>insequenti</em></strong></span> <span class='ocrx_word' id='word_1_312' title='bbox 1652 2665 1816 2734; x_wconf 80' lang='lat' dir='ltr'><strong><em>macione.</em></strong></span> <span class='ocrx_word' id='word_1_313' title='bbox 1828 2682 1907 2743; x_wconf 73' lang='lat' dir='ltr'><strong><em>quoe</em></strong></span> 
     </span>
     <span class='ocr_line' id='line_1_31' title="bbox 255 2737 1902 2824; baseline 0.003 -27"><span class='ocrx_word' id='word_1_314' title='bbox 255 2742 327 2816; x_wconf 86' lang='lat' dir='ltr'><strong><em>post</em></strong></span> <span class='ocrx_word' id='word_1_315' title='bbox 341 2737 428 2801; x_wconf 85' lang='lat' dir='ltr'><strong><em>illam</em></strong></span> <span class='ocrx_word' id='word_1_316' title='bbox 440 2741 635 2802; x_wconf 69' lang='lat' dir='ltr'><strong><em>dominicam</em></strong></span> <span class='ocrx_word' id='word_1_317' title='bbox 648 2741 754 2803; x_wconf 81' lang='lat' dir='ltr'><strong><em>hadita</em></strong></span> <span class='ocrx_word' id='word_1_318' title='bbox 764 2743 837 2824; x_wconf 80' lang='lat' dir='ltr'><strong><em>suit,</em></strong></span> <span class='ocrx_word' id='word_1_319' title='bbox 849 2743 953 2806; x_wconf 85' lang='lat' dir='ltr'><strong><em>locum</em></strong></span> <span class='ocrx_word' id='word_1_320' title='bbox 967 2741 1178 2806; x_wconf 81' lang='lat' dir='ltr'><strong><em>concionandi</em></strong></span> <span class='ocrx_word' id='word_1_321' title='bbox 1193 2743 1328 2805; x_wconf 82' lang='lat' dir='ltr'><strong><em>cessisset</em></strong></span> <span class='ocrx_word' id='word_1_322' title='bbox 1338 2740 1482 2820; x_wconf 89' lang='lat' dir='ltr'><strong><em>episcopo</em></strong></span> <span class='ocrx_word' id='word_1_323' title='bbox 1495 2757 1549 2818; x_wconf 84' lang='lat' dir='ltr'><strong><em>qut</em></strong></span> <span class='ocrx_word' id='word_1_324' title='bbox 1565 2759 1605 2800; x_wconf 73' lang='lat' dir='ltr'><strong><em>ex</em></strong></span> <span class='ocrx_word' id='word_1_325' title='bbox 1617 2739 1746 2806; x_wconf 83' lang='lat' dir='ltr'><strong><em>Galatia</em></strong></span> <span class='ocrx_word' id='word_1_326' title='bbox 1756 2750 1902 2811; x_wconf 80' lang='lat' dir='ltr'><strong><em>venerat..</em></strong></span> 
     </span>
     <span class='ocr_line' id='line_1_32' title="bbox 255 2815 1901 2958; baseline 0.005 -84"><span class='ocrx_word' id='word_1_327' title='bbox 255 2815 552 2958; x_wconf 47' lang='lat' dir='ltr'><strong><em>ipseqnqitaqnuset.</em></strong></span> <span class='ocrx_word' id='word_1_328' title='bbox 567 2827 658 2901; x_wconf 87' lang='lat' dir='ltr'><strong><em>atque</em></strong></span> <span class='ocrx_word' id='word_1_329' title='bbox 673 2821 709 2883; x_wconf 89' lang='lat' dir='ltr'><strong><em>in</em></strong></span> <span class='ocrx_word' id='word_1_330' title='bbox 720 2819 778 2883; x_wconf 83' lang='lat' dir='ltr'><strong><em>troc</em></strong></span> <span class='ocrx_word' id='word_1_331' title='bbox 790 2823 882 2883; x_wconf 88' lang='lat' dir='ltr'><strong><em>etiam</em></strong></span> <span class='ocrx_word' id='word_1_332' title='bbox 898 2820 1006 2884; x_wconf 89' lang='lat' dir='ltr'><strong><em>dolore</em></strong></span> <span class='ocrx_word' id='word_1_333' title='bbox 1018 2821 1186 2903; x_wconf 70' lang='lat' dir='ltr'><strong><em>affecisset,</em></strong></span> <span class='ocrx_word' id='word_1_334' title='bbox 1199 2821 1280 2882; x_wconf 84' lang='lat' dir='ltr'><strong><em>hanc</em></strong></span> <span class='ocrx_word' id='word_1_335' title='bbox 1292 2820 1328 2882; x_wconf 91' lang='lat' dir='ltr'><strong><em>in</em></strong></span> <span class='ocrx_word' id='word_1_336' title='bbox 1340 2835 1455 2898; x_wconf 83' lang='lat' dir='ltr'><strong><em>maqna</em></strong></span> <span class='ocrx_word' id='word_1_337' title='bbox 1462 2817 1610 2881; x_wconf 86' lang='lat' dir='ltr'><strong><em>Ecclesia</em></strong></span> <span class='ocrx_word' id='word_1_338' title='bbox 1618 2817 1726 2882; x_wconf 75' lang='lat' dir='ltr'><strong><em>hahuit</em></strong></span> <span class='ocrx_word' id='word_1_339' title='bbox 1737 2818 1901 2883; x_wconf 82' lang='lat' dir='ltr'><strong><em>homiliam</em></strong></span> 
     </span>
     <span class='ocr_line' id='line_1_33' title="bbox 254 2900 1897 3069; baseline 0.002 -35"><span class='ocrx_word' id='word_1_340' title='bbox 254 2911 430 3038; x_wconf 66' lang='lat' dir='ltr'><strong><em>&#39;mIniIium</em></strong></span> <span class='ocrx_word' id='word_1_341' title='bbox 443 2900 1362 3070; x_wconf 49' lang='lat' dir='ltr'><strong><em>:aIlItIpnslreIItdlIIrIseplirfflIqIIIIIIIIr’iseteteIIIqffirsIIiius</em></strong></span> <span class='ocrx_word' id='word_1_342' title='bbox 1371 2973 1457 3069; x_wconf 76' lang='lat' dir='ltr'><strong><em>ludis</em></strong></span> <span class='ocrx_word' id='word_1_343' title='bbox 1470 2975 1599 3068; x_wconf 83' lang='lat' dir='ltr'><strong><em>loquens</em></strong></span> <span class='ocrx_word' id='word_1_344' title='bbox 1608 2995 1619 3045; x_wconf 67' lang='grc' dir='ltr'><strong><em>ς</em></strong></span> <span class='ocrx_word' id='word_1_345' title='bbox 1627 2976 1756 3069; x_wconf 79' lang='lat' dir='ltr'><strong><em>ideoque</em></strong></span> <span class='ocrx_word' id='word_1_346' title='bbox 1767 2977 1857 3039; x_wconf 85' lang='lat' dir='ltr'><strong><em>lator</em></strong></span> <span class='ocrx_word' id='word_1_347' title='bbox 1867 2985 1897 3038; x_wconf 89' lang='lat' dir='ltr'><strong><em>ct</em></strong></span> 
     </span>
     <span class='ocr_line' id='line_1_34' title="bbox 255 3051 1874 3135; baseline 0.005 -25"><span class='ocrx_word' id='word_1_348' title='bbox 255 3051 391 3122; x_wconf 73' lang='lat' dir='ltr'><strong><em>exsulto,</em></strong></span> <span class='ocrx_word' id='word_1_349' title='bbox 406 3055 573 3118; x_wconf 88' lang='lat' dir='ltr'><strong><em>secundum</em></strong></span> <span class='ocrx_word' id='word_1_350' title='bbox 597 3056 802 3135; x_wconf 86' lang='lat' dir='ltr'><strong><em>apostolicam</em></strong></span> <span class='ocrx_word' id='word_1_351' title='bbox 815 3076 929 3120; x_wconf 84' lang='lat' dir='ltr'><strong><em>rocem.</em></strong></span> <span class='ocrx_word' id='word_1_352' title='bbox 943 3058 1022 3131; x_wconf 84' lang='lat' dir='ltr'><strong><em>Quce</em></strong></span> <span class='ocrx_word' id='word_1_353' title='bbox 1043 3075 1076 3118; x_wconf 78' lang='lat' dir='ltr'><strong><em>cn</em></strong></span> <span class='ocrx_word' id='word_1_354' title='bbox 1097 3057 1191 3118; x_wconf 76' lang='lat' dir='ltr'><strong><em>titulo</em></strong></span> <span class='ocrx_word' id='word_1_355' title='bbox 1205 3056 1354 3120; x_wconf 81' lang='lat' dir='ltr'><strong><em>ierurrtur</em></strong></span> <span class='ocrx_word' id='word_1_356' title='bbox 1368 3055 1421 3117; x_wconf 88' lang='lat' dir='ltr'><strong><em>luc</em></strong></span> <span class='ocrx_word' id='word_1_357' title='bbox 1442 3054 1589 3135; x_wconf 83' lang='lat' dir='ltr'><strong><em>plumbus</em></strong></span> <span class='ocrx_word' id='word_1_358' title='bbox 1612 3056 1769 3134; x_wconf 77' lang='lat' dir='ltr'><strong><em>explicat,</em></strong></span> <span class='ocrx_word' id='word_1_359' title='bbox 1780 3060 1874 3118; x_wconf 85' lang='lat' dir='ltr'><strong><em>osten</em></strong></span> 
     </span>
     <span class='ocr_line' id='line_1_35' title="bbox 256 3128 1687 3216; baseline 0.005 -27"><span class='ocrx_word' id='word_1_360' title='bbox 256 3128 301 3190; x_wconf 92' lang='lat' dir='ltr'><strong><em>dit</em></strong></span> <span class='ocrx_word' id='word_1_361' title='bbox 326 3149 366 3198; x_wconf 88' lang='lat' dir='ltr'><strong><em>ue</em></strong></span> <span class='ocrx_word' id='word_1_362' title='bbox 380 3149 478 3211; x_wconf 86' lang='lat' dir='ltr'><strong><em>quarn</em></strong></span> <span class='ocrx_word' id='word_1_363' title='bbox 493 3151 625 3198; x_wconf 87' lang='lat' dir='ltr'><strong><em>neccsse</em></strong></span> <span class='ocrx_word' id='word_1_364' title='bbox 642 3135 683 3198; x_wconf 92' lang='lat' dir='ltr'><strong><em>sit</em></strong></span> <span class='ocrx_word' id='word_1_365' title='bbox 696 3137 874 3216; x_wconf 88' lang='lat' dir='ltr'><strong><em>aliquando</em></strong></span> <span class='ocrx_word' id='word_1_366' title='bbox 890 3136 1053 3214; x_wconf 79' lang='lat' dir='ltr'><strong><em>auditores</em></strong></span> <span class='ocrx_word' id='word_1_367' title='bbox 1065 3133 1174 3197; x_wconf 84' lang='lat' dir='ltr'><strong><em>acrius</em></strong></span> <span class='ocrx_word' id='word_1_368' title='bbox 1192 3136 1366 3199; x_wconf 88' lang='lat' dir='ltr'><strong><em>incessere.</em></strong></span> <span class='ocrx_word' id='word_1_369' title='bbox 1683 3169 1687 3180; x_wconf 91' lang='lat'><em>·</em></span> 
     </span>
    </p>

    <p class='ocr_par' dir='ltr' id='par_1_14' title="bbox 256 3148 1899 3372">
     <span class='ocr_line' id='line_1_36' title="bbox 295 3148 1899 3309; baseline 0.002 -38"><span class='ocrx_word' id='word_1_370' title='bbox 295 3148 494 3302; x_wconf 35' lang='lat' dir='ltr'><strong><em>{Humilia</em></strong></span> <span class='ocrx_word' id='word_1_371' title='bbox 506 3212 612 3275; x_wconf 81' lang='lat' dir='ltr'><strong><em>ltolrita</em></strong></span> <span class='ocrx_word' id='word_1_372' title='bbox 629 3216 664 3276; x_wconf 90' lang='lat' dir='ltr'><strong><em>in</em></strong></span> <span class='ocrx_word' id='word_1_373' title='bbox 680 3216 807 3291; x_wconf 85' lang='lat' dir='ltr'><strong><em>ecclesia</em></strong></span> <span class='ocrx_word' id='word_1_374' title='bbox 820 3214 1158 3295; x_wconf 79' lang='lat' dir='ltr'><strong><em>Apostoli‚postquam</em></strong></span> <span class='ocrx_word' id='word_1_375' title='bbox 1172 3214 1337 3309; x_wconf 88' lang='lat' dir='ltr'><strong><em>epiecopus</em></strong></span> <span class='ocrx_word' id='word_1_376' title='bbox 1348 3213 1476 3294; x_wconf 86' lang='lat' dir='ltr'><strong><em>quidam</em></strong></span> <span class='ocrx_word' id='word_1_377' title='bbox 1488 3214 1770 3292; x_wconf 81' lang='lat' dir='ltr'><strong><em>concionemprius</em></strong></span> <span class='ocrx_word' id='word_1_378' title='bbox 1783 3210 1899 3275; x_wconf 79' lang='lat' dir='ltr'><strong><em>moce-</em></strong></span> 
     </span>
     <span class='ocr_line' id='line_1_37' title="bbox 256 3288 1299 3372; baseline 0.005 -25"><span class='ocrx_word' id='word_1_379' title='bbox 256 3296 323 3356; x_wconf 90' lang='lat' dir='ltr'><strong><em>rot,</em></strong></span> <span class='ocrx_word' id='word_1_380' title='bbox 336 3306 372 3349; x_wconf 82' lang='lat' dir='ltr'><strong><em>en</em></strong></span> <span class='ocrx_word' id='word_1_381' title='bbox 387 3288 470 3351; x_wconf 85' lang='lat' dir='ltr'><strong><em>iliud</em></strong></span> <span class='ocrx_word' id='word_1_382' title='bbox 485 3310 493 3350; x_wconf 73' lang='grc' dir='ltr'><strong>ε</strong></span> <span class='ocrx_word' id='word_1_383' title='bbox 508 3292 622 3365; x_wconf 82' lang='lat' dir='ltr'><strong><em>Messis</em></strong></span> <span class='ocrx_word' id='word_1_384' title='bbox 637 3294 766 3372; x_wconf 88' lang='lat' dir='ltr'><strong><em>quidem</em></strong></span> <span class='ocrx_word' id='word_1_385' title='bbox 781 3294 900 3367; x_wconf 87' lang='lat' dir='ltr'><strong><em>multa,</em></strong></span> <span class='ocrx_word' id='word_1_386' title='bbox 916 3292 1057 3372; x_wconf 87' lang='lat' dir='ltr'><strong><em>operarii</em></strong></span> <span class='ocrx_word' id='word_1_387' title='bbox 1070 3297 1179 3355; x_wconf 88' lang='lat' dir='ltr'><strong><em>autem</em></strong></span> <span class='ocrx_word' id='word_1_388' title='bbox 1191 3310 1299 3371; x_wconf 86' lang='lat' dir='ltr'><strong><em>pauor.</em></strong></span> 
     </span>
    </p>

    <p class='ocr_par' dir='ltr' id='par_1_15' title="bbox 256 3366 1979 3759">
     <span class='ocr_line' id='line_1_38' title="bbox 283 3366 1897 3465; baseline 0 -37"><span class='ocrx_word' id='word_1_389' title='bbox 283 3366 429 3457; x_wconf 71' lang='lat' dir='ltr'><strong><em>⁸Initium</em></strong></span> <span class='ocrx_word' id='word_1_390' title='bbox 450 3389 457 3427; x_wconf 76' lang='grc' dir='ltr'><strong>ε</strong></span> <span class='ocrx_word' id='word_1_391' title='bbox 479 3370 612 3434; x_wconf 83' lang='lat' dir='ltr'><strong><em>Vidistis</em></strong></span> <span class='ocrx_word' id='word_1_392' title='bbox 632 3389 733 3433; x_wconf 87' lang='lat' dir='ltr'><strong><em>senem</em></strong></span> <span class='ocrx_word' id='word_1_393' title='bbox 752 3380 780 3464; x_wconf 78' lang='lat' dir='ltr'><strong><em>et</em></strong></span> <span class='ocrx_word' id='word_1_394' title='bbox 796 3373 958 3453; x_wconf 71' lang='lat' dir='ltr'><strong><em>junonem·</em></strong></span> <span class='ocrx_word' id='word_1_395' title='bbox 980 3388 1082 3463; x_wconf 78' lang='lat' dir='ltr'><strong><em>senem</em></strong></span> <span class='ocrx_word' id='word_1_396' title='bbox 1103 3388 1252 3465; x_wconf 74' lang='lat' dir='ltr'><strong><em>corpore,</em></strong></span> <span class='ocrx_word' id='word_1_397' title='bbox 1273 3372 1419 3463; x_wconf 74' lang='lat' dir='ltr'><strong><em>juvenem</em></strong></span> <span class='ocrx_word' id='word_1_398' title='bbox 1442 3370 1572 3463; x_wconf 74' lang='lat' dir='ltr'><strong><em>animo?</em></strong></span> <span class='ocrx_word' id='word_1_399' title='bbox 1595 3369 1728 3463; x_wconf 75' lang='lat' dir='ltr'><strong><em>Vidistis</em></strong></span> <span class='ocrx_word' id='word_1_400' title='bbox 1749 3368 1897 3460; x_wconf 80' lang='lat' dir='ltr'><strong><em>canitiem</em></strong></span> 
     </span>
     <span class='ocr_line' id='line_1_39' title="bbox 256 3448 1896 3616; baseline 0.002 -34"><span class='ocrx_word' id='word_1_401' title='bbox 256 3452 673 3589; x_wconf 65' lang='lat' dir='ltr'><strong><em>litttteltltlttltt</em></strong></span> <span class='ocrx_word' id='word_1_402' title='bbox 685 3560 686 3563; x_wconf 12' lang='grc' dir='ltr'><strong>κ</strong></span> <span class='ocrx_word' id='word_1_403' title='bbox 700 3448 1896 3616; x_wconf 55' lang='lat' dir='ltr'><strong><em>...stelitlatitationemdistrictissimis-‘tt</em></strong></span> 
     </span>
     <span class='ocr_line' id='line_1_40' title="bbox 256 3595 1909 3684; baseline 0.002 -25"><span class='ocrx_word' id='word_1_404' title='bbox 256 3600 373 3664; x_wconf 90' lang='lat' dir='ltr'><strong><em>militia</em></strong></span> <span class='ocrx_word' id='word_1_405' title='bbox 385 3595 583 3679; x_wconf 86' lang='lat' dir='ltr'><strong><em>Christiana,</em></strong></span> <span class='ocrx_word' id='word_1_406' title='bbox 598 3622 696 3684; x_wconf 89' lang='lat' dir='ltr'><strong><em>quam</em></strong></span> <span class='ocrx_word' id='word_1_407' title='bbox 711 3606 745 3668; x_wconf 93' lang='lat' dir='ltr'><strong><em>in</em></strong></span> <span class='ocrx_word' id='word_1_408' title='bbox 758 3605 915 3668; x_wconf 77' lang='lat' dir='ltr'><strong><em>seculari.</em></strong></span> <span class='ocrx_word' id='word_1_409' title='bbox 931 3605 969 3666; x_wconf 92' lang='lat' dir='ltr'><strong><em>ln</em></strong></span> <span class='ocrx_word' id='word_1_410' title='bbox 983 3604 1045 3669; x_wconf 90' lang='lat' dir='ltr'><strong><em>hac</em></strong></span> <span class='ocrx_word' id='word_1_411' title='bbox 1059 3606 1147 3669; x_wconf 87' lang='lat' dir='ltr'><strong><em>enim</em></strong></span> <span class='ocrx_word' id='word_1_412' title='bbox 1160 3624 1254 3669; x_wconf 87' lang='lat' dir='ltr'><strong><em>senes</em></strong></span> <span class='ocrx_word' id='word_1_413' title='bbox 1278 3606 1395 3667; x_wconf 88' lang='lat' dir='ltr'><strong><em>milites</em></strong></span> <span class='ocrx_word' id='word_1_414' title='bbox 1408 3622 1476 3666; x_wconf 89' lang='lat' dir='ltr'><strong><em>non</em></strong></span> <span class='ocrx_word' id='word_1_415' title='bbox 1487 3605 1574 3667; x_wconf 87' lang='lat' dir='ltr'><strong><em>ultra</em></strong></span> <span class='ocrx_word' id='word_1_416' title='bbox 1593 3608 1670 3666; x_wconf 90' lang='lat' dir='ltr'><strong><em>snut</em></strong></span> <span class='ocrx_word' id='word_1_417' title='bbox 1686 3602 1729 3666; x_wconf 89' lang='lat' dir='ltr'><strong><em>ad</em></strong></span> <span class='ocrx_word' id='word_1_418' title='bbox 1748 3602 1909 3665; x_wconf 77' lang='lat' dir='ltr'><strong><em>militiam.</em></strong></span> 
     </span>
     <span class='ocr_line' id='line_1_41' title="bbox 256 3678 1979 3759; baseline 0.009 -20"><span class='ocrx_word' id='word_1_419' title='bbox 256 3678 342 3757; x_wconf 84' lang='lat' dir='ltr'><strong><em>opti,</em></strong></span> <span class='ocrx_word' id='word_1_420' title='bbox 357 3680 390 3741; x_wconf 91' lang='lat' dir='ltr'><strong><em>in</em></strong></span> <span class='ocrx_word' id='word_1_421' title='bbox 404 3680 587 3746; x_wconf 85' lang='lat' dir='ltr'><strong><em>Christiana</em></strong></span> <span class='ocrx_word' id='word_1_422' title='bbox 601 3701 678 3759; x_wconf 76' lang='lat' dir='ltr'><strong><em>reno</em></strong></span> <span class='ocrx_word' id='word_1_423' title='bbox 695 3689 819 3747; x_wconf 88' lang='lat' dir='ltr'><strong><em>contra.</em></strong></span> <span class='ocrx_word' id='word_1_424' title='bbox 1317 3693 1324 3703; x_wconf 82' lang='grc'><em>’</em></span> <span class='ocrx_word' id='word_1_425' title='bbox 1975 3745 1979 3755; x_wconf 90' lang='grc'><em>,</em></span> 
     </span>
    </p>

    <p class='ocr_par' dir='ltr' id='par_1_16' title="bbox 298 3756 1908 3845">
     <span class='ocr_line' id='line_1_42' title="bbox 298 3756 1908 3845; baseline 0.002 -29"><span class='ocrx_word' id='word_1_426' title='bbox 298 3756 355 3817; x_wconf 87' lang='lat' dir='ltr'><strong><em>xl.</em></strong></span> <span class='ocrx_word' id='word_1_427' title='bbox 377 3758 530 3838; x_wconf 82' lang='lat' dir='ltr'><strong><em>Ejusdem</em></strong></span> <span class='ocrx_word' id='word_1_428' title='bbox 541 3759 671 3824; x_wconf 81' lang='lat' dir='ltr'><strong><em>domitio</em></strong></span> <span class='ocrx_word' id='word_1_429' title='bbox 682 3760 788 3824; x_wconf 82' lang='lat' dir='ltr'><strong><em>habito</em></strong></span> <span class='ocrx_word' id='word_1_430' title='bbox 800 3770 966 3843; x_wconf 91' lang='lat' dir='ltr'><strong><em>postquam</em></strong></span> <span class='ocrx_word' id='word_1_431' title='bbox 979 3762 1063 3827; x_wconf 85' lang='lat' dir='ltr'><strong><em>alius</em></strong></span> <span class='ocrx_word' id='word_1_432' title='bbox 1077 3763 1285 3827; x_wconf 87' lang='lat' dir='ltr'><strong><em>concionatus</em></strong></span> <span class='ocrx_word' id='word_1_433' title='bbox 1298 3764 1421 3845; x_wconf 77' lang='lat' dir='ltr'><strong><em>sumat.</em></strong></span> <span class='ocrx_word' id='word_1_434' title='bbox 1435 3761 1491 3841; x_wconf 88' lang='lat' dir='ltr'><strong><em>qui</em></strong></span> <span class='ocrx_word' id='word_1_435' title='bbox 1505 3759 1670 3823; x_wconf 90' lang='lat' dir='ltr'><strong><em>admodum</em></strong></span> <span class='ocrx_word' id='word_1_436' title='bbox 1689 3776 1785 3823; x_wconf 80' lang='lat' dir='ltr'><strong><em>senec</em></strong></span> <span class='ocrx_word' id='word_1_437' title='bbox 1798 3767 1870 3821; x_wconf 88' lang='lat' dir='ltr'><strong><em>erat.</em></strong></span> <span class='ocrx_word' id='word_1_438' title='bbox 1884 3779 1908 3830; x_wconf 83' lang='lat'><strong><em>.·‚</em></strong></span> 
     </span>
    </p>

    <p class='ocr_par' dir='ltr' id='par_1_17' title="bbox 257 3833 1673 3931">
     <span class='ocr_line' id='line_1_43' title="bbox 257 3833 1673 3931; baseline 0.011 -37"><span class='ocrx_word' id='word_1_439' title='bbox 257 3833 304 3895; x_wconf 84' lang='lat' dir='ltr'><strong><em>Ile</em></strong></span> <span class='ocrx_word' id='word_1_440' title='bbox 317 3834 475 3899; x_wconf 84' lang='lat' dir='ltr'><strong><em>Eleazaro</em></strong></span> <span class='ocrx_word' id='word_1_441' title='bbox 489 3846 518 3899; x_wconf 89' lang='lat' dir='ltr'><strong><em>et</em></strong></span> <span class='ocrx_word' id='word_1_442' title='bbox 537 3846 650 3918; x_wconf 89' lang='lat' dir='ltr'><strong><em>septem</em></strong></span> <span class='ocrx_word' id='word_1_443' title='bbox 659 3843 781 3931; x_wconf 85' lang='lat' dir='ltr'><strong><em>pneris.</em></strong></span> <span class='ocrx_word' id='word_1_444' title='bbox 1666 3865 1673 3881; x_wconf 85' lang='lat'><strong>·</strong></span> 
     </span>
    </p>

    <p class='ocr_par' dir='ltr' id='par_1_18' title="bbox 297 3908 1907 3999">
     <span class='ocr_line' id='line_1_44' title="bbox 297 3908 1907 3999; baseline -0.002 -24"><span class='ocrx_word' id='word_1_445' title='bbox 297 3908 433 3976; x_wconf 89' lang='lat' dir='ltr'><strong><em>Initium</em></strong></span> <span class='ocrx_word' id='word_1_446' title='bbox 446 3936 457 3977; x_wconf 89' lang='lat'><em>:</em></span> <span class='ocrx_word' id='word_1_447' title='bbox 469 3916 570 3992; x_wconf 87' lang='lat' dir='ltr'><strong><em>Quam</em></strong></span> <span class='ocrx_word' id='word_1_448' title='bbox 583 3935 722 3997; x_wconf 82' lang='lat' dir='ltr'><strong><em>specioso</em></strong></span> <span class='ocrx_word' id='word_1_449' title='bbox 737 3928 780 3980; x_wconf 87' lang='lat' dir='ltr'><strong><em>est</em></strong></span> <span class='ocrx_word' id='word_1_450' title='bbox 792 3918 855 3982; x_wconf 85' lang='lat' dir='ltr'><strong><em>ltac</em></strong></span> <span class='ocrx_word' id='word_1_451' title='bbox 866 3918 1047 3999; x_wconf 84' lang='lat' dir='ltr'><strong><em>spiritualis</em></strong></span> <span class='ocrx_word' id='word_1_452' title='bbox 1060 3920 1144 3990; x_wconf 89' lang='lat' dir='ltr'><strong><em>olea,</em></strong></span> <span class='ocrx_word' id='word_1_453' title='bbox 1159 3938 1229 3983; x_wconf 88' lang='lat' dir='ltr'><strong><em>cum</em></strong></span> <span class='ocrx_word' id='word_1_454' title='bbox 1240 3919 1320 3981; x_wconf 89' lang='lat' dir='ltr'><strong><em>romi</em></strong></span> <span class='ocrx_word' id='word_1_455' title='bbox 1335 3919 1401 3998; x_wconf 79' lang='lat' dir='ltr'><strong><em>ejus</em></strong></span> <span class='ocrx_word' id='word_1_456' title='bbox 1411 3925 1526 3979; x_wconf 82' lang='lat' dir='ltr'><strong><em>veteres</em></strong></span> <span class='ocrx_word' id='word_1_457' title='bbox 1538 3922 1697 3978; x_wconf 76' lang='lat' dir='ltr'><strong><em>mmurom</em></strong></span> <span class='ocrx_word' id='word_1_458' title='bbox 1709 3914 1801 3977; x_wconf 84' lang='lat' dir='ltr'><strong><em>notris</em></strong></span> <span class='ocrx_word' id='word_1_459' title='bbox 1818 3916 1907 3997; x_wconf 42' lang='lat' dir='ltr'><strong><em>seu-⁴</em></strong></span> 
     </span>
    </p>

    <p class='ocr_par' dir='ltr' id='par_1_19' title="bbox 260 3993 1763 4075">
     <span class='ocr_line' id='line_1_45' title="bbox 260 3993 1763 4075; baseline 0 -22"><span class='ocrx_word' id='word_1_460' title='bbox 260 3999 343 4054; x_wconf 88' lang='lat' dir='ltr'><strong><em>ctum</em></strong></span> <span class='ocrx_word' id='word_1_461' title='bbox 361 3993 539 4057; x_wconf 86' lang='lat' dir='ltr'><strong><em>attulerint.</em></strong></span> <span class='ocrx_word' id='word_1_462' title='bbox 553 3995 754 4061; x_wconf 81' lang='lat' dir='ltr'><strong><em>Aseuectrlle</em></strong></span> <span class='ocrx_word' id='word_1_463' title='bbox 768 3999 1006 4063; x_wconf 85' lang='lat' dir='ltr'><strong><em>concionatoris</em></strong></span> <span class='ocrx_word' id='word_1_464' title='bbox 1021 4016 1133 4075; x_wconf 85' lang='lat' dir='ltr'><strong><em>orsus,</em></strong></span> <span class='ocrx_word' id='word_1_465' title='bbox 1147 3999 1188 4061; x_wconf 89' lang='lat' dir='ltr'><strong><em>ad</em></strong></span> <span class='ocrx_word' id='word_1_466' title='bbox 1202 3999 1393 4062; x_wconf 83' lang='lat' dir='ltr'><strong><em>Eleazarum</em></strong></span> <span class='ocrx_word' id='word_1_467' title='bbox 1408 4001 1438 4057; x_wconf 90' lang='lat' dir='ltr'><strong><em>et</em></strong></span> <span class='ocrx_word' id='word_1_468' title='bbox 1451 3999 1517 4057; x_wconf 86' lang='lat' dir='ltr'><strong><em>tres</em></strong></span> <span class='ocrx_word' id='word_1_469' title='bbox 1531 3999 1650 4074; x_wconf 82' lang='lat' dir='ltr'><strong><em>pueros</em></strong></span> <span class='ocrx_word' id='word_1_470' title='bbox 1665 3993 1763 4057; x_wconf 77' lang='lat' dir='ltr'><strong><em>seuit.</em></strong></span> 
     </span>
    </p>
   </div>
   <div class='ocr_carea' id='block_1_6' title="bbox 262 4136 1896 4195">
    <p class='ocr_par' dir='ltr' id='par_1_20' title="bbox 262 4136 1896 4195">
     <span class='ocr_line' id='line_1_46' title="bbox 262 4136 1896 4195; baseline 0.004 -5"><span class='ocrx_word' id='word_1_471' title='bbox 262 4136 1896 4195; x_wconf 54' lang='lat' dir='ltr'><strong><em>m</em></strong></span> 
     </span>
    </p>
   </div>
   <div class='ocr_carea' id='block_1_7' title="bbox 363 4176 1913 4681">
    <p class='ocr_par' dir='ltr' id='par_1_21' title="bbox 363 4176 1941 4681">
     <span class='ocr_line' id='line_1_47' title="bbox 452 4176 1913 4468; baseline -0.023 -63.594"><span class='ocrx_word' id='word_1_472' title='bbox 452 4180 468 4190; x_wconf 36' lang='grc'><strong>’</strong></span> <span class='ocrx_word' id='word_1_473' title='bbox 539 4272 873 4389; x_wconf 71' lang='lat' dir='ltr'><strong><em>suumn</em></strong></span> <span class='ocrx_word' id='word_1_474' title='bbox 907 4262 1253 4468; x_wconf 72' lang='lat' dir='ltr'><strong><em>anneus</em></strong></span> <span class='ocrx_word' id='word_1_475' title='bbox 1287 4176 1632 4389; x_wconf 62' lang='lat' dir='ltr'><strong><em>nosen}</em></strong></span> <span class='ocrx_word' id='word_1_476' title='bbox 1743 4178 1824 4374; x_wconf 46' lang='lat' dir='ltr'><em>f</em></span> <span class='ocrx_word' id='word_1_477' title='bbox 1908 4293 1913 4447; x_wconf 55' lang='lat'><em>3</em></span> 
     </span>
     <span class='ocr_line' id='line_1_48' title="bbox 363 4496 1774 4681; baseline -0.011 -13"><span class='ocrx_word' id='word_1_478' title='bbox 363 4500 857 4671; x_wconf 73' lang='lat' dir='ltr'><strong><em>connais</em></strong></span> <span class='ocrx_word' id='word_1_479' title='bbox 914 4496 1774 4681; x_wconf 74' lang='lat' dir='ltr'><strong><em>uunrsosuomr</em></strong></span> 
     </span>
    </p>
   </div>
   <div class='ocr_carea' id='block_1_8' title="bbox 921 4762 1862 4881">
    <p class='ocr_par' dir='ltr' id='par_1_22' title="bbox 921 4762 1862 4881">
     <span class='ocr_line' id='line_1_49' title="bbox 921 4762 1862 4881; baseline 0 -22"><span class='ocrx_word' id='word_1_480' title='bbox 921 4772 1070 4881; x_wconf 75' lang='lat' dir='ltr'><strong><em>onero</em></strong></span> <span class='ocrx_word' id='word_1_481' title='bbox 1090 4762 1245 4861; x_wconf 79' lang='lat' dir='ltr'><strong><em>omnio.</em></strong></span> <span class='ocrx_word' id='word_1_482' title='bbox 1517 4781 1525 4793; x_wconf 87' lang='lat'><strong>·</strong></span> <span class='ocrx_word' id='word_1_483' title='bbox 1760 4790 1767 4802; x_wconf 92' lang='lat'><strong>·</strong></span> <span class='ocrx_word' id='word_1_484' title='bbox 1859 4763 1862 4768; x_wconf 86' lang='grc'>’</span> 
     </span>
    </p>
   </div>
   <div class='ocr_carea' id='block_1_9' title="bbox 1630 4886 1665 4947">
    <p class='ocr_par' dir='ltr' id='par_1_23' title="bbox 1630 4886 1665 4947">
     <span class='ocr_line' id='line_1_50' title="bbox 1630 4886 1665 4947; baseline 0 -45"><span class='ocrx_word' id='word_1_485' title='bbox 1630 4886 1665 4947; x_wconf 43' lang='lat'><strong><em>,7³</em></strong></span> 
     </span>
    </p>
   </div>
   <div class='ocr_carea' id='block_1_10' title="bbox 631 4954 1282 5010">
    <p class='ocr_par' dir='ltr' id='par_1_24' title="bbox 631 4954 1282 5010">
     <span class='ocr_line' id='line_1_51' title="bbox 631 4954 1282 5010; baseline -0.003 -10"><span class='ocrx_word' id='word_1_486' title='bbox 631 4956 634 4965; x_wconf 88' lang='grc'><strong>“</strong></span> <span class='ocrx_word' id='word_1_487' title='bbox 757 4990 763 5001; x_wconf 92' lang='grc'><em>,</em></span> <span class='ocrx_word' id='word_1_488' title='bbox 883 4954 1282 5010; x_wconf 53' lang='grc' dir='ltr'><strong><em>-ι-οοῧοο--ο</em></strong></span> 
     </span>
    </p>
   </div>
   <div class='ocr_carea' id='block_1_11' title="bbox 928 5046 1255 5156">
    <p class='ocr_par' dir='ltr' id='par_1_25' title="bbox 928 5046 1255 5156">
     <span class='ocr_line' id='line_1_52' title="bbox 928 5046 1255 5156; baseline -0.009 0"><span class='ocrx_word' id='word_1_489' title='bbox 928 5046 1255 5156; x_wconf 73' lang='lat' dir='ltr'><strong><em>commendemus.</em></strong></span> 
     </span>
    </p>
   </div>
   <div class='ocr_carea' id='block_1_12' title="bbox 582 5232 1565 5439">
    <p class='ocr_par' dir='ltr' id='par_1_26' title="bbox 582 5232 1565 5439">
     <span class='ocr_line' id='line_1_53' title="bbox 582 5232 1565 5327; baseline -0.002 -31"><span class='ocrx_word' id='word_1_490' title='bbox 582 5250 614 5297; x_wconf 83' lang='lat' dir='ltr'><strong><em>us</em></strong></span> <span class='ocrx_word' id='word_1_491' title='bbox 637 5250 787 5325; x_wconf 70' lang='lat' dir='ltr'><strong><em>sincrum</em></strong></span> <span class='ocrx_word' id='word_1_492' title='bbox 804 5253 952 5301; x_wconf 78' lang='lat' dir='ltr'><strong><em>tolonen</em></strong></span> <span class='ocrx_word' id='word_1_493' title='bbox 972 5256 1160 5303; x_wconf 75' lang='lat' dir='ltr'><strong><em>soosrocuu</em></strong></span> <span class='ocrx_word' id='word_1_494' title='bbox 1183 5256 1225 5299; x_wconf 78' lang='lat' dir='ltr'><strong><em>nn</em></strong></span> <span class='ocrx_word' id='word_1_495' title='bbox 1245 5252 1487 5327; x_wconf 63' lang='lat' dir='ltr'><strong><em>erinacium</em></strong></span> <span class='ocrx_word' id='word_1_496' title='bbox 1509 5232 1565 5316; x_wconf 90' lang='lat' dir='ltr'><strong><em>(a).</em></strong></span> 
     </span>
     <span class='ocr_line' id='line_1_54' title="bbox 935 5380 1308 5439; baseline 0 -2"><span class='ocrx_word' id='word_1_497' title='bbox 935 5380 1075 5439; x_wconf 75' lang='lat' dir='ltr'><strong><em>nonime</em></strong></span> <span class='ocrx_word' id='word_1_498' title='bbox 1093 5380 1209 5439; x_wconf 73' lang='lat' dir='ltr'><strong><em>ehtde.</em></strong></span> <span class='ocrx_word' id='word_1_499' title='bbox 1305 5399 1308 5403; x_wconf 55' lang='lat'><em>⁴</em></span> 
     </span>
    </p>
   </div>
   <div class='ocr_carea' id='block_1_13' title="bbox 262 5498 1901 5682">
    <p class='ocr_par' dir='ltr' id='par_1_27' title="bbox 262 5498 1901 5682">
     <span class='ocr_line' id='line_1_55' title="bbox 300 5498 1901 5589; baseline 0.014 -35"><span class='ocrx_word' id='word_1_500' title='bbox 300 5501 326 5555; x_wconf 90' lang='lat' dir='ltr'><strong><em>l.</em></strong></span> <span class='ocrx_word' id='word_1_501' title='bbox 342 5498 542 5581; x_wconf 76' lang='lat' dir='ltr'><strong><em>danseronqelii</em></strong></span> <span class='ocrx_word' id='word_1_502' title='bbox 551 5508 671 5579; x_wconf 58' lang='lat' dir='ltr'><strong><em>Ioannis</em></strong></span> <span class='ocrx_word' id='word_1_503' title='bbox 687 5514 886 5584; x_wconf 77' lang='lat' dir='ltr'><strong><em>tpstostocnnts</em></strong></span> <span class='ocrx_word' id='word_1_504' title='bbox 903 5518 1056 5584; x_wconf 77' lang='lat' dir='ltr'><strong><em>encomium·</em></strong></span> <span class='ocrx_word' id='word_1_505' title='bbox 1109 5516 1175 5573; x_wconf 86' lang='lat' dir='ltr'><strong><em>llum</em></strong></span> <span class='ocrx_word' id='word_1_506' title='bbox 1191 5516 1367 5573; x_wconf 79' lang='lat' dir='ltr'><strong><em>certaminum</em></strong></span> <span class='ocrx_word' id='word_1_507' title='bbox 1386 5521 1567 5588; x_wconf 84' lang='lat' dir='ltr'><strong><em>spectatores,</em></strong></span> <span class='ocrx_word' id='word_1_508' title='bbox 1589 5517 1612 5572; x_wconf 87' lang='lat' dir='ltr'><strong><em>si</em></strong></span> <span class='ocrx_word' id='word_1_509' title='bbox 1633 5530 1740 5589; x_wconf 88' lang='lat' dir='ltr'><strong><em>quanoo</em></strong></span> <span class='ocrx_word' id='word_1_510' title='bbox 1761 5524 1901 5578; x_wconf 85' lang='lat' dir='ltr'><strong><em>strennum</em></strong></span> 
     </span>
     <span class='ocr_line' id='line_1_56' title="bbox 262 5590 1899 5682; baseline 0.01 -34"><span class='ocrx_word' id='word_1_511' title='bbox 262 5590 367 5663; x_wconf 80' lang='lat' dir='ltr'><strong><em>quietam</em></strong></span> <span class='ocrx_word' id='word_1_512' title='bbox 380 5594 450 5654; x_wconf 85' lang='lat' dir='ltr'><strong><em>iilius</em></strong></span> <span class='ocrx_word' id='word_1_513' title='bbox 463 5602 619 5675; x_wconf 78' lang='lat' dir='ltr'><strong><em>conspolium</em></strong></span> <span class='ocrx_word' id='word_1_514' title='bbox 634 5603 775 5679; x_wconf 86' lang='lat' dir='ltr'><strong><em>inteiliqere</em></strong></span> <span class='ocrx_word' id='word_1_515' title='bbox 788 5608 896 5679; x_wconf 86' lang='lat' dir='ltr'><strong><em>possint.</em></strong></span> <span class='ocrx_word' id='word_1_516' title='bbox 905 5608 1055 5680; x_wconf 78' lang='lat' dir='ltr'><strong><em>-hqoua·</em></strong></span> <span class='ocrx_word' id='word_1_517' title='bbox 1109 5608 1263 5680; x_wconf 83' lang='lat' dir='ltr'><strong><em>quempiam</em></strong></span> <span class='ocrx_word' id='word_1_518' title='bbox 1275 5606 1402 5665; x_wconf 78' lang='lat' dir='ltr'><strong><em>athletam</em></strong></span> <span class='ocrx_word' id='word_1_519' title='bbox 1414 5608 1470 5680; x_wconf 82' lang='lat' dir='ltr'><strong><em>jam</em></strong></span> <span class='ocrx_word' id='word_1_520' title='bbox 1484 5616 1641 5666; x_wconf 87' lang='lat' dir='ltr'><strong><em>coronatum</em></strong></span> <span class='ocrx_word' id='word_1_521' title='bbox 1653 5608 1782 5667; x_wconf 74' lang='lat' dir='ltr'><strong><em>accedere</em></strong></span> <span class='ocrx_word' id='word_1_522' title='bbox 1791 5624 1899 5682; x_wconf 86' lang='lat' dir='ltr'><strong><em>compe·</em></strong></span> 
     </span>
    </p>
   </div>
   <div class='ocr_carea' id='block_1_14' title="bbox 263 5750 1906 5893">
    <p class='ocr_par' dir='ltr' id='par_1_28' title="bbox 263 5750 1906 5893">
     <span class='ocr_line' id='line_1_57' title="bbox 263 5750 1906 5864; baseline 0.006 -61"><span class='ocrx_word' id='word_1_523' title='bbox 263 5810 280 5864; x_wconf 64' lang='grc' dir='ltr'>ι</span> <span class='ocrx_word' id='word_1_524' title='bbox 294 5750 332 5817; x_wconf 84' lang='lat' dir='ltr'><strong><em>(a)</em></strong></span> <span class='ocrx_word' id='word_1_525' title='bbox 348 5750 538 5811; x_wconf 67' lang='lat' dir='ltr'><strong><em>&amp;nomentanus</em></strong></span> <span class='ocrx_word' id='word_1_526' title='bbox 556 5762 581 5811; x_wconf 93' lang='lat' dir='ltr'><strong><em>in</em></strong></span> <span class='ocrx_word' id='word_1_527' title='bbox 593 5767 709 5813; x_wconf 81' lang='lat' dir='ltr'><strong><em>loannem</em></strong></span> <span class='ocrx_word' id='word_1_528' title='bbox 720 5762 822 5814; x_wconf 82' lang='lat' dir='ltr'><strong><em>collatus</em></strong></span> <span class='ocrx_word' id='word_1_529' title='bbox 837 5762 884 5813; x_wconf 82' lang='lat' dir='ltr'><strong><em>lide</em></strong></span> <span class='ocrx_word' id='word_1_530' title='bbox 894 5774 950 5811; x_wconf 92' lang='lat' dir='ltr'><strong><em>cnm</em></strong></span> <span class='ocrx_word' id='word_1_531' title='bbox 962 5756 1055 5829; x_wconf 67' lang='lat' dir='ltr'><strong><em>Codici-</em></strong></span> <span class='ocrx_word' id='word_1_532' title='bbox 1109 5763 1165 5825; x_wconf 77' lang='lat' dir='ltr'><strong><em>eto,</em></strong></span> <span class='ocrx_word' id='word_1_533' title='bbox 1176 5762 1232 5825; x_wconf 79' lang='lat' dir='ltr'><strong><em>toa,</em></strong></span> <span class='ocrx_word' id='word_1_534' title='bbox 1244 5762 1360 5824; x_wconf 55' lang='lat' dir='ltr'><strong><em>winih.</em></strong></span> <span class='ocrx_word' id='word_1_535' title='bbox 1370 5762 1427 5823; x_wconf 80' lang='lat' dir='ltr'><strong><em>ost.</em></strong></span> <span class='ocrx_word' id='word_1_536' title='bbox 1439 5762 1497 5815; x_wconf 60' lang='lat' dir='ltr'><strong><em>ml</em></strong></span> <span class='ocrx_word' id='word_1_537' title='bbox 1507 5777 1519 5837; x_wconf 82' lang='lat'><strong><em>‚²</em></strong></span> <span class='ocrx_word' id='word_1_538' title='bbox 1529 5760 1627 5837; x_wconf 72' lang='lat' dir='ltr'><strong><em>tpislln.</em></strong></span> <span class='ocrx_word' id='word_1_539' title='bbox 1639 5762 1680 5824; x_wconf 80' lang='lat' dir='ltr'><strong><em>ts,</em></strong></span> <span class='ocrx_word' id='word_1_540' title='bbox 1691 5774 1734 5824; x_wconf 85' lang='lat' dir='ltr'><strong><em>our</em></strong></span> <span class='ocrx_word' id='word_1_541' title='bbox 1744 5762 1829 5815; x_wconf 77' lang='lat' dir='ltr'><strong><em>Codex</em></strong></span> <span class='ocrx_word' id='word_1_542' title='bbox 1838 5762 1906 5813; x_wconf 70' lang='lat' dir='ltr'><strong><em>sul-</em></strong></span> 
     </span>
     <span class='ocr_line' id='line_1_58' title="bbox 281 5816 1902 5893; baseline -0.003 -11"><span class='ocrx_word' id='word_1_543' title='bbox 281 5826 309 5867; x_wconf 59' lang='grc' dir='ltr'><strong><em>Ν</em></strong></span> <span class='ocrx_word' id='word_1_544' title='bbox 320 5820 379 5882; x_wconf 74' lang='lat'><strong>¹¹08·</strong></span> <span class='ocrx_word' id='word_1_545' title='bbox 394 5816 615 5887; x_wconf 63' lang='lat' dir='ltr'><strong><em>ldldlittthlilti,</em></strong></span> <span class='ocrx_word' id='word_1_546' title='bbox 626 5824 776 5888; x_wconf 61' lang='lat' dir='ltr'><strong><em>retinete,</em></strong></span> <span class='ocrx_word' id='word_1_547' title='bbox 787 5823 1054 5893; x_wconf 63' lang='lat' dir='ltr'><strong><em>ttihlltllrtloltrert.</em></strong></span> <span class='ocrx_word' id='word_1_548' title='bbox 1108 5832 1165 5890; x_wconf 67' lang='lat' dir='ltr'><strong><em>qnos</em></strong></span> <span class='ocrx_word' id='word_1_549' title='bbox 1180 5823 1298 5878; x_wconf 81' lang='lat' dir='ltr'><strong><em>tultmoo</em></strong></span> <span class='ocrx_word' id='word_1_550' title='bbox 1310 5826 1379 5878; x_wconf 78' lang='lat' dir='ltr'><strong><em>roos.</em></strong></span> <span class='ocrx_word' id='word_1_551' title='bbox 1398 5832 1549 5891; x_wconf 72' lang='lat' dir='ltr'><strong><em>ummcnptr</em></strong></span> <span class='ocrx_word' id='word_1_552' title='bbox 1560 5838 1633 5891; x_wconf 84' lang='lat' dir='ltr'><strong><em>porro</em></strong></span> <span class='ocrx_word' id='word_1_553' title='bbox 1644 5823 1750 5877; x_wconf 78' lang='lat' dir='ltr'><strong><em>ersenl.</em></strong></span> <span class='ocrx_word' id='word_1_554' title='bbox 1760 5824 1841 5890; x_wconf 79' lang='lat' dir='ltr'><strong><em>,lune</em></strong></span> <span class='ocrx_word' id='word_1_555' title='bbox 1850 5825 1902 5889; x_wconf 83' lang='lat' dir='ltr'><strong><em>pel·</em></strong></span> 
     </span>
    </p>
   </div>
   <div class='ocr_carea' id='block_1_15' title="bbox 0 0 2055 6340">
    <p class='ocr_par' dir='ltr' id='par_1_29' title="bbox 0 0 2055 6340">
     <span class='ocr_line' id='line_1_59' title="bbox 0 0 2055 6340; baseline 0 0"><span class='ocrx_word' id='word_1_556' title='bbox 0 0 2055 6340; x_wconf 95' lang='lat' dir='ltr'><strong><em> </em></strong></span> 
     </span>
    </p>
   </div>
  </div>
 </body>
</html>
