4084 6350
282 241 334 300 tsi

282 357 309 410 iu
324 360 417 409 moute
431 350 534 408 licllam
552 349 676 406 aluerunt
688 369 695 416 ;
709 348 815 407 lezabel
832 363 896 406 tero
911 350 998 419 ipsum
1015 358 1075 418 pom

282 423 378 494 pluria
393 423 539 492 praestitum
559 421 717 477 beneticinm
733 418 766 474 ad
782 434 874 475 urcem
894 421 1076 489 perserutaba-

282 506 335 551 tar.
354 493 424 564 Quid
443 493 514 549 enirn
528 490 657 547 deamat
674 491 701 548 Si
717 499 744 545 tu
759 490 860 555 ileliae,
875 505 924 562 ego
943 485 1050 546 lezabel
1066 509 1075 547 c

285 565 349 620 ttae
362 563 426 619 ruilti
445 563 540 636 {ocimu
553 563 601 629 ciii,
620 571 645 617 ct
662 561 717 617 iter
728 561 835 628 addant,
855 561 878 614 ri
896 578 947 616 nou
965 562 1079 616 crastino

281 637 324 692 die
344 637 392 690 lroc
411 635 476 690 itura
496 650 590 706 ponotn
602 635 713 686 eninrarn
729 642 800 686 taam
822 632 887 686 sicut
899 632 975 687 anina
989 649 1076 686 eorum

281 707 326 776 ptri
339 705 463 776 interfecti
476 714 534 761 aurat
555 704 592 774 (5.
610 701 675 775 ilep.
690 701 734 758 lb.
750 701 790 774 9).
811 701 844 757 Ει
864 703 952 758 timnit
973 702 1074 768 ilelias,

281 789 309 835 et
327 776 392 833 abiit
412 792 460 847 pro
478 777 565 830 anima
584 788 644 839 sua,
657 781 684 828 et
704 773 821 840 perrexit
836 773 862 828 in
876 773 1011 829 desertum
1027 789 1076 844 per

281 849 352 904 niam
366 847 539 918 quadraginta
551 845 665 900 dierum.
682 843 715 898 Ει
728 845 801 900 uenit
821 843 873 900 sub
891 843 1033 909 llatlamcu,
1049 853 1076 900 et

301 920 360 976 etiit
380 919 478 973 aniano
496 932 551 972 suae
577 924 606 970 ut
625 925 785 982 moreretur,
810 914 950 985 dixitque:
967 913 1077 970 Doctrina

281 935 363 1054 iterra
379 987 484 1060 atrfficiot
498 987 560 1041 milri
571 1002 648 1046 antu,
663 987 749 1050 accipe
762 985 873 1039 attineant
893 1002 976 1040 rtteauc
996 1001 1083 1048 outre..

282 1062 342 1128 auio
361 1076 412 1115 non
431 1075 487 1113 tttm
509 1074 555 1129 rgo
578 1055 668 1110 ntelior
681 1056 793 1124 potnias
814 1056 876 1110 ateis
890 1055 970 1123 (ibid.
993 1072 1017 1110 u.
1034 1056 1074 1126 i).

282 1132 332 1188 liei
344 1130 408 1187 mihi
420 1134 428 1184 t
441 1127 530 1184 lleiias
543 1126 672 1198 propbeta
684 1126 824 1182 mulierem
840 1127 927 1181 titnuit
937 1127 949 1180 l
961 1127 1006 1196 atri
1017 1127 1076 1197 plu·

282 1205 353 1257 niam
368 1201 441 1256 orbis
463 1200 489 1256 in
512 1199 603 1270 lingna
622 1198 754 1268 gestabat,
775 1197 820 1268 qtti
848 1197 936 1266 ignem
956 1197 1075 1253 decula

281 1272 385 1337 eduxit,
400 1280 427 1326 et
442 1269 655 1340 precationesue
672 1278 791 1323 marmus
812 1267 961 1331 sttscitanit,
986 1268 1075 1324 timuit

282 1341 440 1398 mulieremi
459 1339 546 1396 Etiam
567 1339 664 1395 titnuit.
686 1336 763 1394 tituta
783 1337 855 1392 enim
875 1338 992 1407 nequitia
1011 1353 1073 1393 curn

193 1412 198 1421 “
282 1413 394 1469 muliere
403 1411 474 1466 mala
482 1410 633 1480 comparari
645 1417 741 1477 potest.
755 1408 905 1465 attestatur
915 1409 977 1464 imic
992 1409 1075 1464 uerbo

280 1499 345 1540 uteo
359 1481 494 1555 Sapientia
507 1496 569 1551 qttae
591 1479 667 1543 dicit,
688 1477 750 1533 Noa
766 1488 803 1533 ert
815 1489 893 1547 repat
906 1495 982 1550 cuper
998 1490 1075 1547 caput

281 1554 415 1624 serpentis,
431 1561 456 1607 et
477 1568 528 1606 nott
544 1561 581 1606 est
602 1549 701 1604 molitio
715 1565 791 1622 snper
817 1550 941 1604 ntolitinm
962 1550 1076 1604 rtmlierir

283 1624 381 1693 (Ereti.
394 1624 440 1681 95.
454 1621 502 1677 99.
515 1622 574 1690 95).
588 1621 611 1677 0
625 1620 724 1675 ntalum
736 1629 764 1676 et
777 1620 959 1676 notatissimum
975 1619 1074 1676 diaboli

280 1696 382 1752 teluml
398 1694 449 1751 Per
464 1693 602 1748 mulierem
615 1691 738 1747 abluitis
757 1690 889 1746 hdomum
908 1695 935 1744 in
949 1691 1075 1760 paradiso

279 1765 400 1822 confodit
421 1784 429 1821 :
451 1780 498 1836 per
519 1763 658 1818 mulierem
685 1761 855 1816 mitissimum
883 1761 1010 1817 Davidem
1039 1761 1076 1817 ad

281 1837 376 1901 Uriam
387 1835 449 1891 doio
463 1833 639 1890 occidendum
659 1832 784 1901 impulit:
800 1848 848 1902 per
872 1832 1011 1888 mulierem
1032 1847 1075 1887 sa·

281 1906 477 1976 pientissimnm
492 1902 662 1960 Salomonem
677 1902 710 1958 ad
727 1903 971 1974 praevaricationem
991 1902 1075 1959 dedu·

280 1979 319 2034 xit
333 1997 341 2033 ε
358 1992 406 2047 per
418 1977 556 2033 mulierem
567 1973 741 2029 lectissimum
756 1971 912 2028 samsonem
923 1987 1011 2028 rasum
1025 1989 1074 2030 cr-

280 2049 412 2105 caeatit:
426 2061 474 2118 per
484 2046 622 2102 mulierem
640 2043 708 2099 itlius
720 2040 781 2098 ileli
792 2043 940 2100 moereatis
953 2053 1073 2114 prostra-

281 2119 318 2175 cit
333 2137 340 2174 ε
356 2134 404 2190 per
417 2117 557 2172 mulierem
579 2113 776 2171 nobilissimum
794 2112 895 2182 ioseph
915 2115 942 2170 in
962 2130 1074 2170 earcere

279 2191 398 2247 rinctum
412 2187 544 2244 conclusit
560 2205 567 2242 ι
582 2200 631 2256 per
649 2183 789 2240 mulierem
808 2183 919 2240 ioarrois
938 2186 1011 2239 orbis
1029 2185 1073 2240 ln-

279 2275 368 2317 eerna
381 2267 461 2330 caput
475 2257 598 2312 abscidit.
614 2254 713 2325 Ecquid
732 2256 766 2310 dc
785 2254 936 2311 bominibus
955 2254 1074 2326 ioqoori

278 2333 334 2389 i’er
348 2331 487 2386 nrttlicrctn
500 2326 652 2398 augeiosdc
664 2325 730 2381 calo
742 2325 855 2396 dejicit:
870 2340 918 2395 per
932 2327 1073 2382 mulierem

278 2416 375 2460 omues
386 2399 500 2484 jugulat,
525 2412 619 2454 omncs
633 2395 787 2462 inhonorat,
799 2411 894 2451 omues
911 2398 1074 2453 contumatia

278 2471 375 2540 allicit,
390 2467 531 2541 tmpudeas
543 2469 641 2540 quippe
660 2469 757 2522 mulier
774 2467 874 2524 nemini
894 2469 1002 2539 parcit:
1019 2483 1072 2522 non

278 2541 400 2600 betium
414 2541 539 2606 honorat,
556 2553 610 2594 noa
632 2537 813 2602 sacerdotem,
835 2553 888 2592 aron
933 2538 1072 2609 ropbotam

278 2621 430 2671 retentor.
448 2610 472 2668 0
486 2611 585 2665 malum
596 2609 669 2664 ononi
685 2609 756 2663 malo
774 2609 850 2680 pejus
865 2553 962 2664 muiier
980 2609 1071 2664 malai

278 2685 308 2742 Si
324 2685 401 2755 inops
413 2683 458 2749 sit,
473 2681 573 2738 malitia
584 2680 703 2744 ditatum
719 2679 741 2734 si
756 2678 894 2734 itaritates
909 2678 1006 2734 baircat
1017 2695 1074 2733 ma-

279 2755 346 2811 litiae
370 2762 558 2825 cooperantes,
579 2750 678 2821 duplex
703 2758 746 2805 est
768 2750 878 2817 malum,
905 2750 1073 2806 intolerabile

279 2825 390 2892 artimal,
403 2822 559 2879 incurabilis
572 2822 691 2886 morbus,
705 2821 828 2876 immanis
843 2822 913 2886 iera.
924 2819 992 2875 Noni
1007 2837 1073 2891 erga

279 2896 386 2967 aspides
401 2894 539 2952 blanditiis
558 2892 663 2948 cicures
685 2889 782 2956 iactas,
804 2900 832 2947 ot
851 2891 953 2957 leones,
980 2892 1071 2962 tigres,

298 2967 378 3023 ardus
391 2965 543 3022 tractabiles
556 2963 675 3018 redditos
688 2978 697 3014 ε
711 2963 781 3017 maia
796 2977 861 3017 nero
874 2963 970 3016 utuiier
987 2963 1009 3017 si
1030 2964 1073 3016 in·

275 3038 346 3110 turia
357 3037 499 3102 alliciatur,
520 3035 598 3100 iurit;
618 3035 641 3089 si
664 3031 858 3099 deutuleeatur,
876 3033 1023 3089 extollitur.
1044 3033 1072 3088 Si

278 3109 406 3193 principis
420 3123 487 3163 nrm
499 3106 544 3170 sit,
561 3113 640 3161 nocte
650 3103 747 3169 dicente
760 3104 845 3158 vinam
859 3103 892 3157 ad
906 3110 999 3159 aecem
1009 3103 1074 3160 dolo

277 3180 445 3237 referendam
457 3179 567 3240 excitat,
584 3186 613 3233 nt
624 3175 754 3231 ilerodias
767 3174 898 3231 licmdem
912 3176 957 3230 :si
970 3190 1072 3251 paupe·

277 3267 335 3307 rent
347 3252 433 3308 vitnau
444 3249 551 3313 babeat,
560 3247 593 3302 ad
602 3248 710 3301 rixasct
721 3262 824 3317 pugnos
835 3248 922 3317 ipsum
935 3247 1051 3302 concitat
1064 3264 1071 3303 ε

277 3322 302 3378 si
314 3322 392 3379 ridua
405 3322 451 3387 sit,
463 3320 521 3392 ipa
533 3317 590 3375 sola
602 3330 697 3373 ornares
710 3318 842 3373 dedecore
858 3316 950 3373 aidcit.
971 3314 1073 3385 Lingua
1085 3360 1087 3371 .

278 3408 396 3464 rnmque
410 3395 470 3466 rius
480 3391 576 3445 timore
590 3388 693 3444 boortot
707 3404 761 3442 ιιοιι
776 3387 913 3453 irenatur;
927 3404 979 3444 nou
999 3388 1071 3443 intu-

278 3480 337 3520 rnm
351 3464 462 3533 respicit
473 3461 613 3533 judicium,
625 3474 677 3513 nou
693 3460 775 3513 licum
790 3459 894 3526 ipsum;
910 3473 962 3514 uon
976 3460 1072 3514 amici·

277 3536 323 3591 tiae
337 3535 409 3605 leges
420 3547 529 3588 serrare
540 3532 621 3585 rrorit.
635 3529 689 3585 l’ro
702 3528 787 3585 nihilo
797 3530 876 3585 babet
889 3530 959 3585 mala
976 3531 1072 3585 mulier

277 3606 366 3662 sirum
380 3620 458 3660 suum
469 3605 548 3658 morti
562 3600 679 3656 tradere.
690 3599 772 3655 (iente
783 3600 884 3668 iustum
898 3599 993 3656 iobum
1004 3615 1073 3659 ntor

276 3692 325 3733 sua
341 3674 513 3745 irlasplremiae
532 3672 613 3727 morti
628 3671 749 3727 tradebat
761 3671 855 3729 diceas
871 3689 877 3725 :
896 3672 944 3725 liic
959 3670 1071 3727 neritum

277 3746 411 3817 qrroddatn
424 3753 518 3800 emrtra
536 3743 688 3809 bominum,
702 3751 730 3798 et
749 3756 855 3799 morere
868 3740 938 3811 (iob.
954 3741 982 3797 9.
995 3742 1035 3812 9).
1049 3742 1072 3797 0

277 3819 376 3873 malam
390 3817 529 3871 naturam!
544 3812 714 3869 oseelestmn
727 3814 846 3868 animum
856 3814 864 3867 i
876 3812 935 3868 lion
946 3814 1071 3868 miserata

276 3889 327 3945 uiri
348 3888 388 3943 sui
410 3888 511 3942 uiscera
533 3883 646 3955 pustulis
665 3898 715 3940 ceu
733 3885 894 3939 carbonibus
916 3883 1072 3939 ardentibus

277 3958 390 4024 tutarida,
406 3966 433 4014 et
446 3957 549 4021 adusto,
566 3968 714 4023 carnesque
729 3964 799 4010 totas
816 3954 952 4009 vermibus
965 3964 1073 4009 scaren

276 4040 319 4087 tes
333 4048 341 4086 ι
356 4046 410 4087 ιιοιι
419 4028 453 4084 ad
463 4026 724 4083 commiserationem
734 4040 810 4081 tersa
823 4031 874 4090 est,
888 4024 982 4080 ridens
995 4024 1070 4081 iilum

277 4110 363 4155 toturn
376 4100 542 4165 abrotonum,
557 4097 703 4159 inlirmum,
717 4095 745 4150 in
765 4110 850 4166 agone
868 4104 1028 4162 certantem,
1043 4106 1071 4151 et

275 4172 373 4227 crebro
387 4169 523 4235 anhelitu,
546 4167 628 4222 hianti
649 4181 697 4222 ote
719 4166 777 4221 bace
797 4167 991 4229 sttstincntent;
1016 4182 1069 4221 uon

275 4243 344 4299 nera
357 4240 444 4298 estad
456 4237 679 4305 misericordiam,
690 4236 786 4293 ridens
794 4236 869 4293 illum
880 4239 925 4307 otti
934 4236 998 4291 olim
1009 4252 1070 4293 cum

275 4313 349 4383 regia
368 4324 484 4382 purpura
498 4308 647 4377 incedebat,
667 4316 731 4363 tuuc
747 4308 773 4364 in
792 4308 854 4362 imo
868 4308 967 4362 nudum
980 4307 1072 4379 jacen·

277 4392 333 4437 tem
347 4401 354 4436 :
368 4396 422 4438 uoo
436 4379 574 4437 recordata
589 4390 629 4434 cst
644 4379 742 4435 reteiis
754 4378 965 4442 consuetudinis,
984 4393 1072 4448 tthrre

230 4494 234 4501 .
277 4463 376 4526 qrrartta
392 4467 439 4521 per
450 4452 535 4523 ipsum
545 4449 642 4520 gloria,
657 4451 763 4519 quantis
777 4450 1007 4506 bottislloruisset.
1017 4450 1069 4505 Sed

275 4524 362 4595 antidi
383 4522 430 4578 itte
446 4523 556 4578 terbum
576 4529 670 4575 contra
688 4519 846 4587 bominum,
864 4530 891 4576 et
912 4535 1028 4575 morere.
1049 4522 1071 4576 0

275 4595 390 4667 gratiam
412 4593 524 4649 uxoris!
546 4607 563 4647 o
581 4591 713 4659 malagma
735 4590 871 4647 doloribus
897 4590 1069 4658 mitigandis!

275 4664 463 4737 ocorrjugalis
485 4661 609 4718 aurieitiac
633 4661 734 4731 legetul
760 4660 828 4717 ilum
853 4660 997 4731 aliqnando
1024 4661 1070 4717 tibi

275 4746 385 4807 aegrotae
403 4731 466 4807 quid
487 4734 574 4790 simile
595 4732 681 4788 dtrttt
701 4747 791 4787 annon
812 4732 935 4801 precibus
947 4740 980 4785 et
998 4732 1072 4787 euris

276 4810 400 4865 cumbum
411 4818 485 4862 tumn
495 4803 616 4859 ceratiti
626 4817 716 4859 aunon
731 4803 796 4859 satis
808 4811 866 4858 crat
880 4800 918 4856 illi
932 4801 990 4855 baec
1003 4810 1071 4857 tem·

274 4893 393 4951 poranca
403 4874 552 4947 castigatio,
563 4882 627 4929 uttu
642 4872 715 4929 illum
731 4875 756 4930 in
769 4882 898 4928 aternum
910 4872 1070 4941 suppliciam

275 4951 312 5004 ob
326 4947 520 5019 blasphemiam
539 4943 686 5014 conjicias?
706 4959 739 4998 au
762 4944 869 5015 ignoras
889 4943 964 5009 iliud,
981 4941 1071 4998 Ornnis

274 5019 434 5092 blasphemia
446 5027 469 5073 et
482 5024 610 5087 peccatam
624 5018 763 5070 rentittetnr
775 5014 935 5079 itemirribnr,·
953 5014 1071 5086 diespite-

275 5092 327 5146 tnio
349 5100 435 5147 aalma
462 5088 490 5143 in
511 5087 639 5159 Spiritnm
657 5096 771 5141 tanetum
792 5102 842 5139 non
861 5087 1001 5139 rentittetnr
1027 5101 1071 5138 ne·

310 5160 369 5218 ein
380 5160 429 5216 icor
448 5157 559 5225 mettio,
576 5173 656 5228 neque
674 5158 700 5212 in
720 5159 805 5228 [muro
825 5155 932 5229 (blattis.
947 5155 991 5209 19.
1006 5154 1071 5226 ab?

250 5284 255 5294 .
274 5176 323 5289 iiis
335 5232 413 5287 aliam
431 5244 538 5303 qnoqtto
552 5228 644 5285 nidere
659 5227 721 5283 baio
735 5227 843 5283 malitiae
865 5225 977 5296 parem?
996 5226 1070 5281 ltali-

274 5304 337 5358 dam
359 5304 475 5359 intuere.
500 5297 568 5356 Nam
590 5310 617 5355 et
643 5298 690 5354 illa
712 5297 888 5353 fortissimum
912 5296 1070 5353 scursonem

274 5376 399 5430 abrasum
414 5382 443 5429 ct
464 5368 582 5428 tinctum
599 5370 754 5441 alienigenis
778 5368 887 5424 tradidit
907 5364 983 5439 (ind.
1007 5366 1070 5435 issli

274 5447 363 5501 cirum
379 5459 476 5514 nempe
487 5458 577 5509 suniat,
596 5440 717 5512 ejusdem
735 5440 795 5495 lecti
808 5448 971 5501 consortem,
991 5452 1070 5505 quera

275 5516 392 5583 lombar,
404 5514 448 5572 eui
457 5514 625 5576 adulabatur,
635 5528 714 5583 onera
727 5512 815 5577 seipsa
828 5511 959 5565 cariorem
971 5504 1072 5561 habero

275 5587 440 5651 sinmlabat;
456 5600 536 5656 quern
550 5584 676 5639 ltestcmo
689 5581 732 5638 die
744 5581 881 5651 diligebat,
903 5576 984 5633 bodie
996 5575 1071 5632 deei-

276 5658 385 5729 pirirat;
405 5672 485 5727 quem
501 5655 628 5711 hesterno
641 5654 684 5709 die
702 5650 839 5723 diligendo
858 5649 975 5711 larebat,
992 5646 1072 5702 bodie

275 5727 435 5799 decipiendo
444 5726 600 5783 tuatnlabat.
611 5725 726 5781 Sedato·
738 5725 939 5815 intercesserat
949 5716 962 5774 l
974 5710 1072 5791 Engada

1035 235 1169 296 sebum.

1859 269 1905 330 tlt

1131 350 1177 407 iilo
1192 361 1311 422 tempore
1329 352 1480 438 iormopior,
1497 357 1541 440 qni
1562 369 1666 430 septem
1685 365 1817 431 cincinnos
1830 385 1907 450 capitu

1128 421 1257 512 gestabat,
1269 423 1434 508 septiformis
1444 440 1536 498 granas
1550 430 1707 500 imaginem?
1717 437 1768 495 Sed
1778 443 1848 503 lortis
1859 469 1910 513 ntra

1128 493 1207 549 eraut
1222 493 1254 548 bt
1267 511 1327 564 quas
1341 497 1386 551 dlo
1399 496 1556 569 tortionem
1572 501 1676 558 leonem
1691 511 1829 570 terribilem
1840 520 1911 581 itta-is

1128 564 1201 618 solus
1214 563 1361 648 sordidavit.
1374 575 1399 624 et
1414 584 1465 623 utta
1475 571 1544 626 asini
1559 574 1665 628 raaxilla
1677 577 1833 652 alieuigraas
1843 593 1907 650 manag

1126 637 1293 705 prostratu?
1306 635 1357 694 Sed
1374 651 1481 694 sauctus
1496 656 1547 698 trun
1569 645 1650 698 erati
1671 645 1760 712 Usurre
1779 654 1909 720 ualeam,

1128 715 1314 791 cttts·crat,·ut
1329 724 1389 764 eum
1405 710 1648 782 sitirct'alicpmudo
1660 732 1692 771 et
1712 733 1786 790 :tarta
1798 735 1898 793 praua„

1129 779 1251 844 prectlnts
1263 789 1439 847 impetraret.
1452 791 1481 836 ut
1495 797 1562 851 anua
1577 799 1609 840 ett
1630 785 1686 854 ipsa
1710 794 1822 859 pratillo,
1837 778 1907 869 quara}

1129 847 1247 928 terrebat,
1274 853 1448 915 scaturiente,
1468 855 1540 908 sitim
1565 855 1681 912 sedaret.
1704 860 1737 914 Et
1751 871 1836 921 taurea
1849 888 1912 930 nrm

1128 933 1184 999 tpsa
1196 927 1249 1000 paru
1263 919 1419 985 inrmosnm,
1436 933 1488 977 tam
1505 923 1612 991 iortent,
1628 937 1682 982 tam
1695 943 1822 996 satteltntt,
1841 946 1914 1010 arad

1128 989 1265 1046 minueum
1276 992 1433 1062 alienigenis
1444 994 1563 1051 tradidit.
1576 996 1605 1050 tu
1620 997 1750 1056 cardonam
1762 1008 1852 1064 mulier
1862 1023 1908 1070 tam

1128 1066 1265 1115 strenuum
1279 1078 1407 1132 superare
1417 1066 1502 1134 putarit
1512 1065 1524 1120 i
1535 1067 1571 1120 lit
1584 1067 1641 1138 ipsa
1653 1070 1701 1124 riri
1714 1071 1837 1133 bonitate.
1850 1081 1910 1140 Nara

1127 1144 1187 1211 eum
1202 1147 1327 1188 arcanam
1346 1132 1509 1191 tortitudinis
1529 1136 1588 1206 ejas
1602 1153 1711 1194 eattsarn
1731 1156 1808 1200 noctu
1828 1151 1909 1206 obsta.

1126 1198 1212 1284 lasset,
1227 1204 1327 1258 nudum
1348 1205 1422 1261 illum
1435 1206 1548 1270 vinculis
1561 1211 1712 1279 praeualidis
1730 1214 1839 1274 duruit.
1854 1221 1909 1280 idea

1129 1270 1179 1326 boc
1193 1273 1239 1328 nbi
1262 1273 1398 1344 Sapientia
1413 1277 1421 1310 ¹
1437 1278 1557 1348 praecipit
1573 1299 1579 1334 :
1593 1281 1612 1333 Α
1628 1281 1745 1352 eotrjuge
1757 1295 1798 1343 tna
1815 1297 1910 1351 ouandi

1128 1351 1163 1406 te,
1190 1359 1224 1400 ue
1242 1345 1310 1416 ataid
1336 1347 1360 1402 ci
1381 1349 1533 1404 committas
1548 1350 1642 1420 (ittet.
1669 1353 1695 1406 i.
1718 1353 1757 1423 a).
1773 1357 1836 1424 Qum
1849 1361 1908 1432 iera,

1127 1428 1230 1480 «pirosa,
1244 1427 1336 1474 contra
1356 1421 1502 1474 masculum
1515 1434 1592 1478 sttttm
1608 1422 1660 1478 tale
1673 1424 1806 1494 quidpiam
1825 1433 1908 1491 molita
2006 1421 2007 1426 ἵ

1127 1484 1265 1552 estiauce
1285 1487 1406 1544 dracaena
1431 1492 1578 1546 masculum
1603 1507 1682 1548 snum
1708 1496 1762 1560 vuit
1791 1501 1911 1566 perdorel

1126 1569 1186 1624 quae
1205 1555 1288 1614 lenna
1315 1575 1415 1616 ararem
1436 1573 1514 1618 sunm
1538 1561 1571 1618 ad
1598 1578 1694 1618 treceni
1713 1567 1807 1622 turditl
1827 1569 1910 1628 Viden·

1127 1641 1206 1693 quam
1220 1630 1341 1700 apposite
1355 1631 1488 1699 Sapientia
1502 1632 1600 1687 dixerit
1615 1652 1621 1687 ι
1635 1632 1696 1688 Non
1711 1647 1746 1690 ert
1758 1651 1831 1708 capnt
1843 1659 1911 1714 ruprr

1126 1707 1203 1764 capnt
1219 1702 1352 1767 supernis,
1371 1712 1394 1754 et
1408 1719 1458 1758 tran
1472 1714 1509 1757 est
1523 1705 1622 1758 natalitia
1637 1721 1714 1774 rupa
1726 1709 1844 1764 molitiem
1860 1731 1911 1768 tnu-
2006 1697 2007 1758 ἶ

1127 1764 1196 1822 lieris
1210 1768 1303 1838 (direti.
1315 1772 1361 1827 nt.
1377 1769 1421 1828 99.
1433 1773 1501 1844 ddi?
1517 1776 1542 1829 ln
1558 1789 1674 1841 summa,
1689 1778 1733 1846 qia
1747 1794 1853 1836 uxorem
1868 1783 1911 1839 ha·

1127 1837 1171 1892 bct
1186 1841 1291 1903 naniam.
1307 1845 1373 1899 sciat
1388 1860 1417 1899 se
1432 1844 1489 1914 jam
1509 1845 1678 1912 iaipaitantm
1695 1863 1803 1904 sacreum
1817 1869 1910 1909 rname-
2006 1855 2007 1876 i

1126 1907 1186 1992 dem
1202 1912 1335 1993 retulisse.
1354 1912 1380 1968 ld
1393 1930 1444 1968 nou
1458 1925 1530 1970 earet
1545 1917 1699 1973 testiamuio
1713 1932 1721 1970 ε
1734 1919 1794 1974 andi
1806 1923 1909 1991 Sapien-

1127 1981 1336 2066 tnnn'dreeutom
1353 2000 1359 2040 :
1376 1984 1469 2040 iirriier
1483 1986 1553 2041 atala
1571 1985 1632 2042 niro
1650 1987 1742 2056 iniano
1755 1989 1857 2047 dabitur
1868 2009 1910 2062 pro

1124 2054 1252 2177 gffibus
1271 2055 1357 2111 malas.
1382 2055 1478 2113 l'ermn
1496 2057 1530 2112 de
1551 2058 1667 2114 muliere
1689 2059 1759 2114 mala
1780 2061 1834 2118 bec
1853 2066 1910 2121 sads
2006 2115 2007 2144 ζ

1159 2190 1188 2246 9.
1203 2193 1297 2262 Opera
1310 2197 1423 2267 pretinm
1434 2207 1523 2254 nartem
1533 2199 1587 2270 iam
1600 2199 1679 2256 nobis
1691 2198 1770 2256 inerit
1782 2201 1815 2257 de
1826 2205 1910 2262 rudb-

1125 2261 1200 2318 ribtts
1220 2265 1296 2322 bonis
1315 2283 1467 2324 sermonem
1488 2270 1596 2333 babere,
1615 2273 1733 2327 manime
1750 2285 1854 2344 propter
1870 2292 1911 2330 eas
2006 2303 2007 2308 1

1125 2348 1186 2402 quae
1203 2336 1310 2392 adsunt.
1328 2337 1410 2394 Bartae
1430 2354 1545 2408 natuque
1564 2340 1695 2401 bonarum
1716 2343 1827 2400 virtutes
1843 2349 1910 2416 otiosi

1125 2404 1175 2460 sibi
1190 2410 1310 2477 proprias
1324 2411 1478 2478 respiciunt,
1493 2410 1651 2482 illarumque
1665 2412 1771 2468 lalrorcs
1782 2429 1843 2470 naas
1855 2431 1909 2472 esre
2006 2421 2007 2486 j

1125 2487 1239 2531 coronas
1260 2479 1433 2536 arbitrantur.
1457 2481 1526 2535 liona
1547 2491 1575 2537 et
1591 2482 1733 2551 hospitalis
1752 2485 1845 2540 mulier
1861 2498 1911 2542 curt

1126 2543 1202 2632 heato
1225 2547 1380 2616 Sunantitis,
1404 2567 1464 2620 aum
1487 2554 1572 2606 virum
1593 2554 1718 2616 hortata,
1734 2554 1910 2611 domunculam
2006 2567 2007 2576 ³

1126 2613 1224 2674 buseo
1238 2623 1395 2685 construxit,
1413 2629 1441 2675 ιιι
1451 2636 1485 2677 eo
1503 2623 1639 2678 divertens
1658 2624 1694 2678 ibi
1708 2623 1791 2680 libere
1802 2627 1912 2695 quiesce·
2006 2679 2007 2692 ,

1126 2695 1168 2740 ret
1178 2689 1216 2757 (i.
1229 2690 1296 2773 lica.
1315 2691 1365 2761 l);
1381 2692 1484 2762 ipsique
1501 2693 1597 2748 lectum
1612 2693 1750 2749 lucernam
1764 2706 1790 2750 et
1802 2712 1909 2752 mensam
2006 2737 2007 2762 ι

1125 2771 1248 2841 apposutt
1263 2779 1270 2813 a
1287 2763 1384 2818 lecttun
1404 2777 1457 2817 nou
1480 2763 1643 2820 indumentis
1658 2779 1784 2828 vacuum,
1804 2768 1848 2821 scd
1869 2770 1908 2836 apd
2006 2795 2007 2828 ι

1125 2829 1249 2886 calcatas
1271 2831 1406 2902 prophetae
1426 2842 1609 2903 competentes
1628 2834 1740 2889 itnbcret
1759 2851 1766 2890 t
1785 2835 1910 2892 lucernam
2006 2837 2007 2908 l

1125 2913 1178 2952 nort
1193 2901 1251 2957 siae
1264 2903 1407 2974 ellychnio,
1423 2903 1470 2958 scd
1487 2915 1513 2958 ct
1528 2918 1587 2958 cnm
1608 2905 1669 2959 tileo
1684 2906 1772 2974 ignem
1792 2899 1909 2963 iouente:
2006 2933 2007 2960 a

1124 2977 1246 3028 mansam
1261 2988 1312 3027 uon
1326 2975 1384 3030 sine
1398 2974 1520 3042 paniltus,
1535 2975 1582 3030 sed
1593 2975 1661 3030 cibis
1674 2977 1839 3030 instructam.
1849 2978 1910 3045 Quid
2006 2971 2007 3022 i

1126 3055 1189 3096 vero
1200 3043 1299 3098 itineris
1313 3045 1347 3100 tle
1362 3045 1437 3100 heato
1453 3044 1496 3098 illa
1510 3045 1598 3102 vidua
1611 3061 1672 3116 aare
1688 3047 1790 3102 ilelimn
1805 3049 1911 3118 propbe-
2006 3053 2007 3062 ’

1125 3119 1179 3166 tam
1190 3115 1324 3185 sttscepiti
1334 3131 1414 3186 quarn
1423 3111 1487 3168 niitil
1498 3116 1634 3186 impedivit
1646 3118 1788 3187 pauperies
1798 3118 1831 3173 nit
1842 3123 1910 3174 irone
2006 3137 2007 3156 ¹

1124 3182 1269 3240 voluntatis
1280 3186 1387 3242 divitias
1401 3188 1438 3258 (b.
1453 3185 1517 3259 itep.
1534 3186 1658 3258 illiciti
1672 3189 1775 3243 uuiium
1789 3198 1846 3243 erat
1861 3190 1910 3245 im·
2006 3194 2007 3247 ἰ

1120 3264 1253 3321 ιιιιοιιιιιιιι,
1267 3258 1367 3322 rictum,
1382 3270 1428 3313 aut
1444 3258 1620 3327 pulsantium,
1636 3258 1710 3314 nulla
1727 3262 1858 3315 torrestris
1870 3260 1912 3314 ali·
2006 3276 2007 3309 t

1124 3326 1214 3381 tnottia
1229 3328 1261 3381 ad
1278 3330 1440 3399 paupertatis
1459 3329 1671 3384 etrusolationem
1691 3347 1697 3383 :
1718 3344 1771 3383 nou
1791 3330 1910 3403 agetiru·
2006 3366 2007 3389 t

1125 3407 1217 3453 ntento
1234 3410 1416 3471 sntrtspancm
1436 3400 1632 3469 sumteditrrbat,
1654 3414 1709 3455 uon
1731 3401 1806 3455 citrea
1825 3414 1912 3456 artaret
2006 3442 2007 3475 ,

1124 3483 1192 3523 uras
1207 3470 1384 3534 ministrabat,
1401 3486 1453 3525 non
1468 3472 1549 3525 arlmr
1562 3470 1732 3526 dulcissimos
1746 3470 1843 3525 interna
1855 3488 1910 3539 pro·
2006 3478 2007 3505 ι

1125 3537 1236 3595 larebat.
1252 3541 1392 3609 Qttomodo
1412 3542 1484 3598 euim
1503 3541 1650 3606 baimisset,
1666 3542 1710 3605 eati
1727 3556 1761 3596 ne
1775 3542 1807 3595 ad
1825 3542 1911 3611 palma
2006 3554 2007 3585 t

1125 3610 1231 3679 quidem
1246 3614 1359 3681 spatium
1377 3615 1451 3668 luetis
1463 3612 1572 3667 arabilis
1590 3621 1659 3679 ctat,
1675 3626 1727 3667 uec
1747 3612 1789 3665 rel
1806 3614 1911 3667 ettbtale
2006 3610 2007 3667 l

1124 3680 1211 3735 solnm
1232 3682 1266 3737 ad
1294 3683 1374 3739 ritem
1396 3682 1588 3747 inserendam
1614 3682 1661 3737 sed
1685 3682 1783 3737 messis
1803 3671 1912 3751 lempna
2006 3670 2007 3737 Ῑ

1124 3764 1232 3819 semper
1250 3754 1276 3809 in
1298 3757 1368 3825 agris
1388 3754 1523 3809 incuriam
1545 3752 1704 3809 decidentes
1724 3768 1739 3806 a
1760 3754 1912 3808 ntcssoribus
2006 3746 2007 3765 ¹

1124 3824 1212 3890 spicas
1226 3838 1304 3879 marm
1318 3825 1432 3894 legebat,
1451 3825 1530 3879 etsie
1549 3823 1581 3877 ad
1597 3824 1659 3878 antri
1677 3825 1845 3879 decurrentis
1858 3836 1912 3889 spa

1125 3894 1189 3947 tium
1211 3895 1367 3949 alimentum
1389 3894 1577 3949 recondebat?
1601 3895 1675 3950 ilaue
1701 3895 1768 3949 adiit
1789 3894 1871 3948 ttetias
1889 3894 1911 3947 iu
2006 3884 2007 3939 ἶ

1125 3971 1246 4033 tentporc
1265 3964 1350 4030 lamis,
1375 3964 1482 4036 qrraado
1504 3966 1590 4033 pluria
1609 3966 1682 4019 nulla
1705 3965 1843 4021 decidente
1865 3974 1911 4019 tota
2006 4014 2007 4031 ,

1124 4044 1231 4090 aruerat
1244 4044 1312 4090 terro
1323 4052 1330 4099 ;
1340 4036 1445 4105 qttuntin
1457 4035 1551 4091 calum
1567 4036 1684 4105 igneum,
1697 4051 1841 4091 acrauueus
1850 4042 1910 4100 erat,
2006 4032 2007 4075 t

1124 4114 1151 4159 et
1160 4107 1246 4161 nubes
1259 4106 1461 4171 detinelrautcr;
1477 4106 1584 4177 attatrdo
1599 4106 1671 4160 anila
1684 4107 1779 4169 herbo,
1796 4107 1844 4161 llos
1857 4106 1912 4160 nul·
2006 4136 2007 4169 a

1125 4177 1175 4242 lus,
1191 4177 1292 4233 nullum
1307 4176 1431 4232 lrutieum
1446 4192 1566 4247 germen,
1583 4191 1634 4232 uon
1654 4190 1721 4233 aura
1736 4176 1847 4238 roscido,
1864 4182 1910 4230 nott
2006 4172 2007 4219 ἶ

1123 4249 1196 4317 spica
1210 4249 1299 4305 uirens
1318 4247 1473 4313 lluctuabat,
1488 4255 1516 4301 et
1528 4246 1640 4314 loptiam
1656 4250 1743 4303 ubera
1761 4258 1841 4302 rostras
1852 4261 1913 4301 coa·
2006 4248 2007 4279 ι

1124 4320 1291 4390 stringebat:
1307 4334 1381 4375 mare
1400 4317 1561 4389 salsuginem
1577 4328 1703 4385 auxerat,
1725 4333 1779 4371 non
1795 4316 1911 4371 iniltrentc
2006 4316 2007 4377 j

1123 4402 1190 4459 aqua
1205 4390 1285 4456 dulci,
1301 4397 1328 4445 et
1338 4390 1467 4456 repressis
1479 4388 1615 4442 imbribus.
1628 4388 1704 4442 Tune
1714 4387 1804 4443 ilciias
1816 4392 1910 4457 inopem
1984 4418 1986 4423 ,
2006 4380 2007 4429 i

1124 4460 1195 4515 iiiam
1210 4460 1315 4533 yiduam
1338 4460 1414 4515 adiit.
1434 4458 1513 4513 Scitis
1531 4468 1629 4526 quartia
1651 4459 1770 4527 patiatur
1785 4459 1859 4511 ntdua
1876 4454 1911 4509 rei
2006 4488 2007 4527 p

1124 4530 1252 4585 ubertatis
1273 4538 1403 4600 tempore.
1419 4530 1506 4584 ,iliosis
1520 4528 1646 4583 diuitibus
1659 4530 1705 4599 qui
1730 4544 1798 4598 pane
1816 4527 1912 4581 abunde
2006 4536 2007 4551 ¹

1125 4599 1298 4668 fruebantur,
1323 4600 1491 4657 descendens
1514 4598 1548 4655 de
1571 4607 1661 4654 morue
1683 4600 1819 4669 propbeta
1846 4597 1910 4651 illan
2006 4652 2007 4655 Ἴ

1123 4670 1198 4727 adiit.
1219 4672 1273 4727 Cur
1293 4672 1378 4744 isqui
1397 4671 1455 4726 solu
1470 4669 1551 4726 verim
1572 4670 1660 4740 iguem
1673 4670 1710 4725 de
1730 4672 1798 4724 eaelo
1816 4666 1910 4727 ederit.
2006 4682 2007 4697 ¹

1124 4756 1206 4813 partes
1224 4743 1342 4799 sibinen
1364 4740 1474 4799 edutiti
1497 4756 1586 4795 anuou
1611 4742 1738 4809 poterat?
1765 4740 1843 4795 Certo
1867 4752 1912 4807 po·
2006 4760 2007 4769 ι

1125 4821 1209 4878 temt;
1227 4812 1275 4869 sed
1295 4812 1321 4869 itl
1343 4828 1395 4868 uuo
1415 4812 1486 4867 iecit.
1508 4811 1615 4879 Quare?
1636 4810 1676 4866 Ne
1698 4812 1806 4866 viduam
1828 4806 1912 4874 ltnspi·
2006 4860 2007 4877 ,

1124 4883 1234 4940 talitatis
1249 4883 1378 4939 iructibns
1395 4882 1522 4952 privaret.
1543 4882 1666 4951 Alioquin
1688 4892 1780 4937 autem
1794 4878 1911 4951 pugillum
2006 4910 2007 4915 κ

1124 4951 1218 5011 inritatu
1245 4961 1273 5009 ei
1295 4953 1431 5023 paululum
1458 4952 1743 5019 oleisbenedictioue·
1768 4968 1816 5009 sua
1831 4954 1911 5017 angat.
2006 4964 2007 4969 ¹

1123 5023 1182 5079 Non
1206 5026 1278 5081 euim
1301 5034 1353 5079 bnt
1375 5024 1408 5079 ad
1424 5040 1500 5079 suum
1514 5037 1593 5091 attam
1608 5022 1640 5076 ad
1657 5022 1748 5091 inopis
1770 5022 1852 5078 sidua
1869 5017 1912 5073 ali·

1124 5102 1244 5150 mentum
1260 5096 1421 5165 properabat
1443 5092 1583 5163 propbeta,
1604 5101 1633 5147 ut
1654 5092 1811 5148 ostettderet
1824 5092 1912 5145 imtrutn

1124 5164 1182 5233 ejus
1196 5175 1224 5221 et
1235 5166 1367 5222 oecultum
1382 5166 1463 5221 animi
1478 5164 1653 5243 propositum.
1674 5163 1734 5218 iloc
1759 5162 1820 5217 lacit
1837 5162 1912 5219 llens,
2006 5192 2007 5209 .

1124 5236 1168 5360 ssiri
1180 5245 1267 5307 potest
1276 5247 1384 5293 sanctos
1398 5246 1502 5296 omnes.
1518 5250 1562 5304 qua
1576 5233 1605 5289 ia
1619 5233 1723 5289 mundo
1738 5241 1811 5297 sarrit,
1826 5232 1911 5285 alere:

1143 5321 1223 5363 onum
1240 5309 1347 5373 retinet,
1363 5318 1390 5361 ut
1401 5308 1471 5363 bona
1485 5305 1574 5361 cordis
1589 5304 1740 5375 proposita,
1753 5301 1913 5371 bospuatiu·
2006 5298 2007 5313 ²

1125 5378 1160 5431 tis
1173 5388 1304 5448 tempure,
1325 5395 1358 5433 ex
1374 5377 1501 5435 [ructibus
1514 5376 1658 5433 discernat.
1675 5373 1746 5429 Cum
1759 5382 1846 5427 aumm
1866 5383 1912 5421 non

1124 5448 1221 5504 adsmu
1233 5453 1276 5519 qui
1293 5450 1394 5518 possint
1404 5449 1462 5505 illos
1474 5446 1610 5516 suscipere
1621 5446 1736 5506 lruotus,
1746 5454 1794 5499 acu
1803 5456 1849 5513 per
1857 5452 1915 5493 aaut

1125 5520 1182 5582 alit,
1199 5532 1227 5575 ut
1243 5521 1344 5576 licitam
1359 5520 1385 5575 in
1399 5526 1508 5583 monte;
1527 5527 1574 5571 out
1587 5530 1635 5586 per
1656 5516 1818 5585 propnetam
1835 5510 1913 5568 elea·

1125 5591 1224 5660 glanno
1238 5591 1435 5655 trarrtsmissum,
1449 5597 1478 5645 ιιι
1499 5586 1633 5643 batrielem
1657 5590 1684 5641 iu
1703 5586 1785 5651 laeu;
1808 5592 1850 5639 aut
1873 5591 1914 5649 pur
2006 5584 2007 5609 ⁴

1161 5730 1169 5760 ι
1184 5726 1254 5776 alia.
1267 5724 1367 5788 legitur,
1379 5723 1504 5788 garamma,
1516 5735 1568 5787 pro,
1581 5716 1713 5783 snpientia.
