4084 6350
236 269 241 277 ·
274 284 327 347 Β,
648 282 679 339 s.
693 278 832 338 termus
848 277 1088 338 cmvsosvout
1108 276 1271 335 susurre.
1285 278 1552 342 consummor.
1869 293 1919 353 ³³2

313 398 343 455 5.
358 394 461 455 oetnte
482 410 519 454 rte
538 392 660 460 audieus,
674 392 836 465 Pemeptsm
848 393 935 464 recepi
949 409 966 447 s
980 390 1072 458 Patre,
1133 394 1313 466 interrogatus
1323 397 1477 470 respondet,
1490 408 1518 455 et
1527 398 1702 471 providentie
1713 418 1770 461 suu
1781 407 1856 479 signa
1865 408 1927 465 dat!

278 491 400 549 aliermm
420 489 457 545 ab
476 504 510 545 ec
531 487 584 543 lroe
602 501 670 558 opus
692 500 753 543 esse
776 495 896 557 putares,
921 484 977 555 jam
1000 485 1077 553 prius
1131 495 1212 558 atque
1224 488 1404 546 demoniacus
1418 492 1566 563 appellatus
1578 504 1606 551 et
1620 496 1741 565 insanus,
1760 498 1796 555 ab
1816 501 1928 557 lomini-

278 574 498 653 011θῆ03οΝ
510 590 597 653 W
611 581 725 634 “dim
736 594 809 634 Μ
830 580 902 648 W
913 594 962 649 ΡΝ
976 576 1074 641 Wlfflin
1130 579 1183 637 bus
1196 582 1243 653 qui
1257 582 1331 639 mille
1343 582 1378 639 ab
1398 600 1428 640 se
1447 584 1588 642 beneficiis
1603 588 1690 645 allecti
1713 590 1828 658 lucrant,
1849 596 1928 666 idque

277 676 325 735 lis
336 677 719 739 ostendenscvesesscsuas,
740 682 769 731 et
790 686 859 743 opus
870 680 975 743 mmm
990 680 1076 727 tutum
1131 688 1185 728 non
1208 676 1291 731 seusei
1315 686 1361 731 aut
1384 676 1434 745 bis,
1459 680 1643 751 sedplnrieu,
1667 699 1721 740 sion
1734 688 1816 745 mono
1832 706 1862 747 se
1875 706 1927 747 Μ

278 784 445 835 essesuusu,
460 781 511 823 nec
533 782 564 823 se
588 781 669 839 egere
695 774 841 837 precepto.
861 763 929 819 Naro
955 763 980 818 si
1006 778 1077 834 prte-
1131 765 1205 821 ultus
1218 776 1270 831 est,
1284 768 1331 823 sed
1353 770 1434 824 etiam
1459 770 1588 828 beneficia
1602 774 1758 833 conterendi
1780 778 1861 837 domn
1875 798 1926 841 nnn

278 872 359 932 cepto
383 876 452 931 opus
476 860 624 926 timi,
645 874 694 915 cur
720 858 843 924 dixisset,
870 856 1011 927 dmeipsc
1024 872 1074 926 po·
1130 856 1205 915 lecit.
1228 860 1329 931 Ecquid
1349 862 1410 919 dico
1436 862 1568 921 beneficia
1592 866 1773 925 conserendi!
1789 872 1841 929 Pro
1865 878 1927 945 ipsis

278 952 422 1013 salliano
443 952 489 1023 qui
510 967 529 1007 a
550 952 641 1023 seipso
654 952 741 1022 ponit,
768 966 822 1005 non
843 958 905 1020 eget
927 958 1074 1021 precepto.
1130 953 1248 1007 animam
1262 954 1347 1023 ponit,
1359 963 1386 1009 et
1397 956 1542 1011 crucilixus
1556 974 1604 1027 pro
1615 960 1680 1029 ipsis
1693 962 1800 1019 Patrem
1812 966 1925 1041 alloqui.

277 1045 394 1120 causant
429 1058 537 1115 punctae
570 1044 646 1100 addit
676 1058 725 1100 cur
753 1043 805 1099 lace
828 1041 917 1097 iaciat.
945 1042 1075 1110 Quaenam
1131 1054 1184 1101 tur.
1199 1046 1262 1101 llmc
1275 1056 1303 1103 ct
1315 1063 1364 1103 nos
1374 1049 1520 1106 imitemur.
1536 1052 1593 1108 lioc
1606 1054 1679 1109 enim
1694 1066 1735 1110 est
1753 1057 1854 1114 Christi
1868 1076 1927 1117 esse

275 1138 433 1207 illathcd
456 1147 548 1209 pastor
565 1139 611 1203 sit,
633 1146 662 1193 et
682 1137 770 1193 bonus
784 1145 883 1207 pmtor.
904 1136 1076 1191 Bonnsverc
1130 1137 1302 1210 discipulum,
1317 1142 1483 1199 simansueti
1497 1144 1622 1201 simuset
1643 1149 1732 1203 mites.
1748 1149 1925 1210 Undeautem

275 1241 370 1302 pastor
382 1246 436 1287 non
455 1241 517 1301 eget
536 1230 658 1301 alioqui
675 1231 709 1285 ad
731 1246 788 1285 rem
808 1230 882 1284 illam
897 1243 928 1284 se
941 1228 1074 1284 lsortetur.
1129 1230 1164 1287 ad
1188 1230 1259 1287 lianc
1277 1234 1466 1303 perveniemus
1489 1238 1742 1295 mansuetudinem!
1765 1240 1795 1297 Si
1818 1253 1926 1313 peccate

275 1321 354 1391 Quod
372 1322 449 1389 siid
460 1323 488 1377 in
502 1322 665 1389 domiminus,
686 1321 773 1377 multo
788 1322 875 1392 magis
886 1321 914 1375 in
929 1320 995 1376 lico.
1010 1319 1076 1375 ideo

275 1412 500 1477 Psulusdioeuat,
514 1414 685 1484 Sei-utpium
699 1414 839 1469 aimnieit
851 1413 862 1485 (
874 1412 973 1483 Philip.
985 1411 1013 1467 2
1027 1412 1074 1484 l).

277 1507 430 1579 liilsilergo
443 1507 515 1563 aliud
531 1508 576 1561 liic
586 1508 639 1562 sili
657 1508 714 1563 mtt
727 1516 901 1578 preceptum,
915 1521 996 1577 quam
1009 1520 1075 1562 eon-

275 1598 397 1655 cordiam
408 1613 470 1653 cum
480 1598 560 1654 Patre
568 1598 722 1655 ostendere.
733 1598 810 1667 Quod
820 1599 843 1652 si
854 1607 946 1667 ¹tamen
956 1597 1076 1653 humano

279 1688 414 1747 etltnmili
424 1704 502 1745 more
514 1689 615 1745 dicmm
629 1688 674 1756 sit,
691 1688 718 1744 id
729 1688 884 1744 auditorum
897 1688 1074 1745 imbecillitati

277 1783 462 1839 tribuendum.
487 1782 531 1837 tt.
559 1782 689 1837 dissensio
710 1783 877 1853 ithsefoctu
889 1792 928 1837 est
939 1784 1006 1836 inter
1021 1780 1074 1835 Ju-

276 1876 359 1941 duros.
372 1874 419 1931 20.
439 1873 562 1929 Dicebant
573 1876 630 1942 ulii,
652 1874 813 1930 demonium
826 1875 901 1930 dedet
921 1885 946 1930 et
966 1876 1074 1931 insanit.

277 1970 350 2036 Quid
362 1986 420 2023 um
442 1968 558 2023 aditu?
569 1969 615 2023 et.
636 1969 689 2023 dlii
701 1968 817 2023 dicebam
829 1984 839 2021 .·
858 1966 923 2023 lloec
934 1967 1010 2022 seris
1024 1984 1076 2021 non

274 2070 337 2117 sunt
354 2060 510 2115 nemetum
524 2060 649 2115 ludentis.
671 2058 805 2130 Nunsquid
822 2060 976 2113 demonium
993 2069 1078 2129 petest

274 2168 402 2209 secessas
422 2152 509 2206 ocules
526 2151 645 2221 aperire?
665 2150 732 2205 0οω
755 2151 827 2204 enim
850 2150 911 2220 plus
928 2164 1008 2220 guam
1023 2148 1076 2204 liu-

275 2260 357 2301 maua
371 2252 463 2299 essent
485 2258 546 2313 quse
558 2242 727 2307 dicebantur,
740 2253 769 2298 et
789 2252 887 2312 praeter
905 2257 1076 2298 consmuneru

275 2334 717 2400 morisennensium
730 2334 806 2391 illum
816 2335 952 2401 dicebaut,
965 2336 1078 2407 jamque

276 2424 423 2499 quateris)
437 2428 478 2481 sic
492 2426 567 2482 illum
583 2436 722 2483 vocarunt.
741 2426 809 2482 ttan
829 2436 910 2483 antea
927 2428 1074 2485 dicebant:

277 2519 443 2579 Bemmaris
449 2520 538 2575 mles:
545 2520 603 2589 esis
615 2529 640 2574 te
647 2520 738 2591 poerit
747 2521 907 2589 interficere?
915 2536 948 2576 ac
956 2537 1075 2589 rursum

278 2611 375 2671 item
396 2612 458 2666 dese
480 2611 592 2666 dieimm
613 2612 674 2681 usia
695 2610 874 2681 senensem
895 2622 972 2673 ests,
987 2622 1013 2666 et
1024 2612 1077 2667 dae-

277 2706 391 2761 ssmar
410 2702 507 2758 iola?
520 2711 549 2758 et
562 2702 617 2765 laic,
640 2702 803 2757 licencentiam
824 2702 899 2757 inin
915 2715 941 2757 et
962 2703 1078 2768 insanin

277 2795 341 2868 quid
363 2799 422 2848 eset
446 2793 542 2848 ruditis
564 2793 924 2865 (immansuetum
945 2793 1003 2850 trun
1021 2809 1076 2850 non

219 2948 236 2968 ·
255 2944 260 2958 ‚
278 2894 387 2955 quater,
401 2883 450 2939 sed
472 2884 572 2953 sepius
585 2883 612 2939 id
634 2884 710 2939 illum
725 2883 862 2939 audivisse
879 2893 997 2939 cunstat.
1008 2884 1077 2939 Nam

278 2976 352 3050 quod
363 2977 467 3042 dieunt,
492 2975 587 3030 Nonne
597 2976 659 3030 tene
669 2976 781 3031 dicimus
791 2976 852 3045 guia
863 2976 1017 3031 monium
1032 2978 1079 3029 len-

279 3069 341 3125 tes?
354 3085 408 3133 nou
428 3068 472 3124 bis
494 3068 537 3123 rel
561 3077 611 3131 tes,
626 3070 674 3123 sed
692 3069 791 3138 sepius
803 3068 869 3123 illud
882 3069 983 3125 dietum
996 3068 1079 3125 luisse

279 3161 451 3226 ecolismam.
466 3159 518 3214 dlii
529 3159 657 3226 dieelunt,
672 3159 768 3229 iniquit,
784 3156 849 3214 llere
862 3158 939 3214 serie
951 3177 1002 3214 non
1017 3169 1079 3216 sunt

279 3225 435 3310 meum
448 3251 573 3306 ludentis.
589 3249 724 3318 Numquid
737 3251 892 3306 daenwniuns
903 3261 985 3322 petest
995 3269 1078 3308 eseco-

279 3361 338 3401 esns
352 3344 440 3399 ustos
453 3344 573 3412 aperire?
584 3342 651 3411 Quia
661 3342 734 3398 enim
746 3359 781 3398 ex
793 3343 883 3400 verbis
889 3360 944 3400 uon
954 3354 1080 3415 poterant

279 3435 334 3493 illis
346 3435 482 3490 sitentium
498 3434 647 3505 imponere,
656 3451 692 3490 es
701 3434 830 3504 operibus
840 3435 867 3491 id
878 3436 1076 3493 demonstrant.

279 3527 361 3591 seete
373 3527 455 3588 vcta
469 3540 523 3580 non
536 3534 601 3581 sunt
612 3525 781 3582 deumniaci.
795 3527 873 3596 Quod
886 3529 911 3582 si
921 3529 1011 3584 verbis
1022 3545 1079 3587 non

280 3619 483 3688 obtemperatis,
494 3632 576 3688 opera
585 3619 764 3675 revereamini
775 3618 866 3688 (loen.
877 3621 923 3676 tt).
934 3622 990 3691 38).
1000 3621 1079 3690 Quod

280 3711 373 3770 sinon
381 3710 556 3774 demoniaci,
581 3710 630 3765 sed
642 3711 797 3782 plusquam
817 3711 934 3769 liumana
945 3715 991 3770 illa
1003 3726 1077 3783 sunt,

1129 1332 1222 1377 nostra
1238 1324 1393 1395 [requenter
1411 1329 1569 1397 cogitemus,
1584 1330 1607 1383 si
1624 1330 1773 1401 lugeamus,
1796 1335 1819 1389 si
1842 1335 1927 1408 lacrp·

1128 1428 1245 1469 tuemur.
1259 1416 1355 1471 Auitus
1370 1418 1470 1489 quippe
1484 1418 1511 1474 in
1525 1420 1619 1477 dolore
1631 1420 1785 1494 hujusmodi
1803 1441 1924 1495 versans,

1129 1524 1185 1565 urin
1198 1509 1359 1581 indignatur.
1375 1511 1427 1570 uti
1448 1529 1564 1585 namque
1583 1516 1672 1573 luctus
1690 1526 1742 1585 ast,
1756 1519 1792 1575 tut
1813 1521 1853 1575 ira
1867 1538 1926 1579 esse

1128 1602 1240 1671 nequit;
1254 1601 1298 1657 nui
1312 1602 1401 1670 dolor,
1416 1604 1452 1660 ilii
1465 1606 1603 1662 iracundia
1616 1608 1786 1677 eliminatur;
1799 1611 1846 1667 ubi
1859 1628 1924 1669 eou-

1128 1692 1204 1747 tritio
1215 1693 1309 1757 animi,
1331 1695 1401 1750 nulla
1412 1694 1448 1751 ibi
1472 1698 1630 1769 indignatio.
1645 1700 1731 1757 luctu
1744 1702 1859 1761 allectus
1869 1707 1925 1760 ani-

1129 1800 1190 1841 mus
1215 1801 1269 1841 non
1290 1788 1406 1857 spatium
1427 1792 1556 1863 temporis
1568 1792 1650 1849 habet
1669 1806 1697 1850 ut
1713 1798 1864 1865 excitetur3
1879 1800 1925 1857 sed

1129 1880 1227 1935 acerbe
1249 1880 1415 1952 ingemiscet,
1439 1887 1557 1941 asuarius
1575 1886 1659 1943 debit.
1674 1888 1737 1946 Scio
1753 1890 1855 1949 multos
1870 1893 1926 1948 lsaec

1129 1970 1272 2029 audientes
1287 1974 1392 2041 ridere;
1412 1985 1441 2031 at
1454 1992 1505 2047 ego
1525 1994 1580 2035 nou
1594 1980 1673 2036 tinen
1695 1983 1791 2039 luciam
1804 1984 1865 2041 illos
1878 1986 1925 2042 de-

1130 2063 1250 2133 plorandi
1263 2067 1309 2137 qni
1324 2068 1423 2125 rident.
1431 2068 1531 2125 Luctus
1544 2072 1615 2128 enim
1626 2083 1669 2129 est
1680 2089 1800 2145 presens
1809 2086 1925 2149 tempus,

1130 2154 1255 2225 planctus
1267 2167 1295 2213 et
1305 2159 1463 2229 gemituum.
1478 2161 1559 2217 llulta
1569 2164 1669 2235 quippe
1680 2173 1708 2221 et
1720 2166 1748 2221 iu
1759 2168 1849 2225 verinis
1863 2178 1892 2225 et
1902 2170 1927 2226 iu

1129 2245 1211 2301 rebus
1231 2262 1384 2317 peccamus.
1404 2250 1477 2306 Talia
1501 2268 1565 2308 rcro
1589 2266 1776 2328 perpetrantes
1792 2261 1927 2332 excipient

1129 2336 1263 2408 gehenna,
1285 2340 1382 2397 durius
1394 2342 1492 2399 ardens
1510 2345 1589 2417 igneo
1606 2348 1694 2415 alveo,
1710 2350 1926 2422 regnt'mtnmn

1130 2428 1259 2497 amissio,
1279 2432 1351 2502 quod
1370 2444 1409 2512 est
1430 2438 1549 2491 omniunt
1568 2441 1839 2510 gnvtnimummon
1859 2446 1927 2502 hauc

1131 2522 1389 2591 comminationem,
1418 2526 1462 2582 dic
1489 2529 1687 2604 milri„rides,
1714 2536 1741 2590 in
1760 2536 1866 2593 deliciis
1886 2534 1930 2593 vil

1130 2611 1193 2667 vis?
1209 2629 1242 2669 ac
1261 2616 1375 2675 Domino
1393 2627 1440 2673 tuo
1458 2620 1528 2676 irato
1545 2631 1573 2677 ct
1591 2627 1782 2691 comminante,
1803 2630 1831 2685 in
1851 2630 1928 2702 lapsu

1130 2714 1255 2775 perstas,
1277 2722 1327 2765 uec
1346 2710 1425 2765 times
1444 2727 1479 2769 ne
1498 2713 1544 2769 tint
1563 2716 1603 2771 sic
1621 2717 1761 2775 ardentem
1787 2720 1927 2779 fornacem

1130 2800 1293 2870 compares!
1311 2800 1369 2857 lion
1394 2803 1471 2860 andis
1496 2806 1562 2875 quid
1580 2809 1699 2879 qrrotidie
1718 2812 1838 2869 elamet!
1858 2814 1928 2869 Esn-

1130 2889 1236 2943 rientesn
1264 2908 1304 2947 tue
1331 2894 1444 2961 uidistis,
1475 2907 1498 2973 et
1525 2915 1575 2955 uon
1601 2902 1706 2955 dedistis
1734 2906 1797 2959 resilii
1817 2909 1928 2962 urenda-

1131 2997 1207 3046 ιω,-
1231 2984 1365 3053 sitientem,
1392 2996 1417 3043 et
1436 3006 1487 3043 nun
1503 2991 1608 3045 dedistis
1634 2994 1697 3047 virili
1722 2996 1816 3052 didere.
1836 3000 1930 3055 Duce·

1131 3075 1184 3129 dite
1194 3076 1221 3129 in
1235 3076 1320 3147 ignem
1334 3090 1452 3148 puratum
1465 3082 1567 3137 dmdnlo
1585 3094 1610 3137 et
1628 3087 1726 3157 arigelis
1746 3090 1804 3156 eius
1818 3091 1929 3161 (llettls.

1130 3166 1176 3224 25.
1190 3166 1236 3224 li.
1248 3179 1274 3225 et
1285 3169 1343 3244 ll).
1358 3170 1422 3228 llec
1434 3175 1553 3244 qnotidie
1565 3181 1754 3236 comnriuamr.
1770 3183 1826 3241 Sed
1837 3187 1931 3244 etcum

1131 3260 1170 3316 illi
1182 3260 1254 3327 dedi,
1268 3261 1382 3334 inquies.
1395 3266 1508 3336 Quando
1523 3279 1552 3324 et
1562 3282 1629 3342 quot
1646 3273 1761 3330 diclrusl
1771 3277 1870 3334 decem
1884 3293 1933 3336 aut
2008 3301 2009 3352 3

1130 3352 1244 3421 viginti!
1253 3355 1289 3410 tlt
1301 3369 1356 3410 nun
1371 3361 1424 3414 troc
1435 3361 1501 3415 satis
1515 3360 1596 3418 hauet
1607 3363 1667 3431 ille;
1680 3366 1729 3422 sed
1742 3381 1845 3438 querno
1860 3382 1932 3428 urn-

1130 3457 1197 3514 pore
1211 3446 1238 3500 ln
1253 3454 1325 3503 terra
1338 3450 1462 3506 versaris.
1476 3451 1542 3509 Nam
1555 3463 1583 3508 et
1593 3456 1710 3526 virgines
1719 3459 1811 3516 oleum
1827 3463 1933 3522 imbue-
2008 3487 2009 3502 2

1131 3547 1211 3604 runt;
1225 3539 1272 3594 sed
1283 3557 1337 3596 non
1346 3551 1475 3613 quaestum
1489 3545 1524 3600 ad
1538 3546 1653 3604 saluteu
1668 3552 1735 3606 satis
1746 3562 1815 3610 erat.
1836 3557 1933 3628 Siqui-
2008 3563 2009 3590 ³

1131 3625 1192 3684 dem
1205 3637 1233 3683 et
1246 3630 1311 3702 ipsae
1326 3632 1462 3704 lampades
1479 3637 1679 3707 accenderunt;
1698 3643 1817 3702 excluse
1838 3657 1933 3708 umes
2008 3647 2009 3706 t

1131 3729 1227 3777 srinta
1246 3723 1374 3791 thalamo,
1396 3741 1429 3782 ac
1442 3728 1504 3799 jure
1522 3730 1631 3801 quidem
1650 3736 1814 3795 :exstinctae
1828 3743 1935 3814 quippe

281 3801 684 3882 palamestadivinaquadam
706 3803 805 3859 virtute
827 3804 970 3873 proficisci.
985 3806 1078 3862 Viden·
1131 3820 1271 3870 suntante
1291 3817 1384 3886 spousi
1404 3819 1560 3878 adrentum.
1581 3823 1727 3896 Propterea
1751 3831 1935 3892 multonclsis
2008 3825 2009 3882 l

280 3897 488 3970 syllogismum!
514 3896 593 3963 Quod
613 3896 687 3952 enim
708 3911 789 3965 supra
814 3896 951 3952 hominem
975 3909 1077 3966 essent,
1131 3917 1199 3974 opus
1212 3907 1336 3974 cstoloc,
1348 3919 1377 3964 ct
1390 3925 1486 3982 magna
1504 3913 1674 3974 liberalitate.
1696 3921 1845 3993 ludiqutd
1861 3925 1936 3984 dicat

281 3986 355 4045 ltine*
371 3986 459 4057 palam
480 3995 540 4042 erat
561 3985 633 4057 quod
652 3986 785 4053 dicerent,
805 3986 967 4042 demonium
986 3989 1079 4048 ludet:
1131 3996 1261 4066 propheta
1276 4016 1284 4055 :
1299 3998 1422 4056 diserere
1446 4008 1514 4070 eset,
1538 4003 1620 4074 Ileus,
1646 4013 1785 4068 mudum
1807 4032 1935 4088 auem

280 4081 353 4153 quod
365 4094 431 4136 rero
443 4079 608 4154 demonium
620 4092 676 4134 uon
696 4078 820 4146 liaberet,
842 4097 878 4134 es
896 4081 930 4136 iis
943 4097 1003 4152 qum
1015 4081 1080 4140 lecit
1131 4081 1330 4146 nsiserieordicsn
1351 4102 1422 4148 tuum
1433 4094 1519 4166 (Psoi.
1533 4097 1579 4154 50.
1597 4100 1609 4155 l
1612 4105 1633 4172 l.
1647 4100 1740 4173 ltaque
1753 4121 1805 4162 nos
1814 4109 1857 4164 ita
1870 4125 1935 4180 pro-

194 4219 199 4226 .
280 4174 486 4232 demonsuadt.
501 4173 571 4244 Quid
583 4187 649 4242 ergo
660 4172 805 4228 Christus?
818 4172 890 4228 Nihil
909 4176 943 4229 ad
964 4176 1023 4230 trec
1036 4193 1080 4233 re-
1132 4183 1197 4236 ximi
1209 4193 1313 4252 oportet
1321 4185 1454 4255 misereri,
1464 4199 1563 4258 guenta
1575 4207 1718 4261 possumus
1730 4199 1934 4260 misertmrdie,

280 4266 494 4341 spondeicus
505 4265 578 4322 euim
591 4263 779 4336 responderat,
790 4263 849 4338 Epo
858 4267 1013 4322 demonium
1027 4285 1080 4324 non
1131 4275 1230 4342 Quales
1242 4277 1313 4332 enim
1326 4291 1389 4349 erga
1403 4294 1549 4338 conservos
1558 4281 1700 4354 lucrinus,
1715 4289 1796 4345 talem
1806 4295 1937 4363 experie-

282 4358 697 4424 seminecessemineces.
711 4357 863 4426 Qniacnim
875 4374 909 4415 en
922 4362 1080 4433 reliusrpsis
1131 4375 1193 4416 mur
1213 4361 1367 4418 [lominum.
1390 4362 1519 4431 Qirmisin
1551 4383 1646 4440 magna
1671 4381 1713 4426 cst
1741 4376 1937 4434 misericordia
2008 4417 2009 4448 ,

282 4450 542 4508 decimestratioueut
564 4450 783 4518 concinnaverat,
799 4450 908 4507 demum
920 4454 1014 4510 tacuit.
1024 4454 1080 4514 rte·
1131 4451 1246 4520 Quando
1259 4471 1312 4509 non
1325 4471 1358 4509 ex
1379 4455 1520 4526 superfluis
1533 4459 1770 4529 dabimus,scdex
1783 4468 1819 4523 iis
1834 4471 1938 4540 quibem
2008 4541 2009 4550 ἵ

282 4544 419 4615 queeoim
433 4543 611 4613 responsione
619 4541 694 4612 digni
703 4552 781 4598 eram
793 4543 811 4598 ii
825 4544 871 4614 qui
883 4544 1080 4604 daemoniacum
1132 4561 1252 4617 egemus.
1265 4547 1374 4614 Quodsi
1387 4564 1465 4604 ucex
1478 4551 1938 4634 superfluisquidemdcmus,qu.·.
2008 4563 2009 4594 r

282 4633 429 4702 dicebant,
443 4650 477 4689 ex
497 4633 625 4705 operibus
643 4649 704 4704 quse
722 4634 849 4691 admirari
877 4640 1028 4709 oportebat,
1053 4651 1082 4698 et
1132 4641 1212 4696 nolis
1225 4655 1289 4711 spes
1302 4642 1654 4710 supereritiundeamalis
1664 4647 1843 4708 liberabimur
1854 4652 1867 4707 l
1879 4671 1938 4724 quo

282 4728 668 4798 neum-ipsumesseputare.
690 4727 793 4798 Ecquid
813 4746 881 4800 opus
899 4734 1080 4808 scannullas
1132 4731 1264 4804 rugiemus
1277 4742 1307 4789 ut
1319 4737 1431 4792 salutem
1445 4741 1704 4809 consequamurisi
1724 4745 1796 4800 eniru
1811 4747 1940 4819 virgines
2008 4789 2009 4828 3

283 4821 445 4891 moturaset,
457 4838 520 4878 curn
530 4822 587 4893 iarn
599 4823 650 4893 ipsi
661 4823 774 4880 interse
791 4823 1081 4900 dissidisentetdigla·
1132 4834 1192 4894 post
1216 4835 1257 4880 tot
1281 4824 1394 4882 sudores
1414 4826 1514 4882 nullam
1539 4845 1650 4900 prorsus
1676 4833 1804 4891 invenere
1831 4853 1940 4894 consc-
2008 4883 2009 4886 ¹

283 4915 518 4973 diarenturlldeo
530 4916 627 4973 sitense
636 4926 665 4973 et
673 4917 763 4972 cronia
775 4933 854 4991 equo
862 4921 953 4977 mimo
965 4922 1079 4980 taeter,
1133 4915 1281 4982 lationem,
1307 4920 1367 4989 qrris
1386 4920 1464 4977 nobis
1485 4924 1698 4992 patrocinabitur
1715 4943 1777 4984 cnm
1801 4931 1864 4986 illa·
1881 4943 1943 4989 tre·
2008 4943 2009 4974 ³

283 5007 344 5065 lion
360 5023 394 5064 ea
417 5007 505 5063 solutu
527 5008 673 5078 decausa,
694 5011 793 5068 sedus
814 5014 1082 5076 nosinstituemet
1133 5007 1230 5064 ruenda
1250 5009 1329 5064 verbu
1346 5009 1447 5068 iudicis
1472 5015 1661 5086 exprobrantis
1681 5019 1848 5078 audiemus:
1864 5024 1943 5080 Esu-

283 5093 559 5158 monetmonet
571 5104 738 5170 patientiam.
1134 5100 1246 5156 rientcru
1261 5117 1315 5156 uon
1331 5117 1374 5158 me
1386 5105 1536 5162 nutrivistis
1546 5124 1555 5172 ;
1567 5117 1605 5174 et,
1615 5109 1693 5179 Quod
1703 5127 1757 5168 uun
1768 5112 1879 5172 lecistis
1894 5117 1944 5173 urei
2008 5131 2009 5190 j

222 5219 229 5234 .
320 5194 355 5249 4,·
368 5179 1077 5271 ὑῐκῑμϋαιὴιίοράα.-Ηιιικὶβᾳυοίωἰιωω.
1132 5192 1232 5250 existis
1241 5195 1368 5262 minimis,
1379 5199 1503 5254 necmihi
1516 5200 1618 5259 lecistis
1631 5203 1738 5276 (Hstdt.
1751 5207 1798 5264 25.
1809 5208 1861 5264 ΔΞ.
1874 5211 1945 5280 dd).
2008 5213 2009 5244 ³

285 5284 480 5358 lieguesoluur
501 5285 679 5355 cuimtacmt,
694 5288 836 5345 sedetiam
855 5292 954 5350 iterum
971 5305 1035 5363 stas,
1050 5305 1080 5353 es
1132 5285 1191 5342 Non
1204 5287 1238 5342 de
1251 5287 1399 5358 discipulis,
1420 5307 1507 5362 neque
1521 5293 1556 5350 de
1579 5297 1720 5354 monachis
1742 5307 1850 5357 uotum
1880 5304 1948 5361 hae
2008 5339 2009 5350 .

1132 5377 1208 5444 dicit,
1224 5380 1272 5435 sed
1286 5380 1359 5436 etde
1374 5383 1563 5451 cuotislideli.
1578 5386 1648 5444 Nam
1668 5391 1714 5460 qui
1730 5391 1793 5448 talis
1812 5403 1873 5464 est,
1889 5397 1949 5453 etsi

285 5442 1081 5572 d‘ifffflfflin‘ffifflmmmiffiss
1132 5474 1286 5536 musso,
1311 5475 1406 5530 emin
1427 5476 1951 5549 tonmemteegnnouenenssn
2008 5457 2009 5472 Ν

286 5543 335 5618 uta’
348 5567 505 5618 mustum
521 5547 681 5632 mmopcsi
696 5574 797 5622 mun
807 5549 1079 5628 statuissem.
1133 5567 1227 5631 lleurm
1239 5566 1300 5636 iure
1308 5569 1381 5622 omni
1391 5569 1488 5626 fraitun
1496 5571 1693 5632 benevolentia.
1707 5575 1737 5634 st
1748 5577 1954 5650 despiciam
2008 5615 2009 5620 κ

286 5635 530 5702 mmm
539 5631 1080 5701 ffimffifflmi'mqmnm‘
1132 5661 1205 5718 illurn
1219 5661 1319 5718 nudum
1341 5673 1387 5719 aut
1406 5668 1580 5737 esurientem,
1597 5669 1656 5726 luce
1669 5671 1813 5732 autiernus
1827 5677 1954 5736 nerbas
2008 5707 2009 5746 2

288 5699 453 5754 sagrament,
475 5704 589 5806 W
607 5693 678 5745 ete.
696 5693 770 5748 Certe
792 5703 876 5762 qsuter
893 5699 1079 5756 moenimenta
1231 5755 1235 5763 ,
1316 5757 1322 5767 ,

289 5753 449 5816 exemplaria,
462 5754 537 5804 murs
597 5754 712 5807 metue.
881 5805 893 5824 ,
1133 5755 1409 5844 etmerttoqmdem
