4084 6350
255 289 285 346 ’,Ἰ
612 285 639 340 S.
660 281 798 341 lOANNlS
816 277 1050 338 cttntsoswttt
1068 279 1229 338 emetitur.
1248 283 1514 346 comsttttatrtor.
1552 350 1555 355 ,
1863 305 1900 360 ’Β

256 401 467 460 sitdominus
479 397 805 472 melaridolegemp'ustltim
819 395 845 450 in
857 391 1052 465 legenp'urtitiae
1107 409 1169 450 uem
1184 398 1333 464 mandem
1355 415 1388 458 ne
1401 404 1543 462 recensitis
1564 404 1599 463 iis
1617 408 1823 483 omnibusque
1836 430 1900 487 pro.
1977 457 1980 463 .

218 495 223 510 '
259 497 444 571 nauperaerrit.
460 485 969 566 llicquoderarttelQuienooee'fide
983 485 1055 542 tim*
1107 484 1187 556 pbeta
1200 486 1234 545 de
1247 488 1301 545 illis
1312 490 1437 562 dixerat,
1451 496 1523 567 quud
1536 499 1645 557 scelesti
1657 512 1771 571 esseut,
1786 504 1899 575 dolosi,

256 600 381 662 pegment
394 588 461 644 enim
473 587 501 642 in
513 585 625 658 lapidem
640 582 785 652 offensionis
798 579 885 655 (liora.
895 579 927 638 b.
942 577 1051 652 tib-atq
1100 579 1195 636 callidi
1208 622 1217 648 ‚
1234 582 1305 654 quod
1317 599 1412 643 omnes
1430 587 1541 648 inutiles
1559 590 1644 660 laeti,
1667 609 1701 652 uo
1721 597 1811 654 nullus
1824 600 1852 656 iu
1864 601 1899 656 iis

261 682 315 740 boe
339 690 392 750 est,
412 679 586 738 incredulitas
596 679 649 736 illis
659 691 738 734 eausa
754 675 885 732 malarum
898 674 947 732 luit
962 691 969 732 :
983 673 1053 730 bane
1099 681 1178 728 esset
1190 674 1235 744 qui
1250 674 1333 732 Deum
1346 679 1506 750 requireret,
1520 682 1568 740 sed
1583 687 1898 760 omnesdeclinassent,

257 789 326 832 vero
336 776 443 846 peperit
462 773 626 846 arrogantia.
646 769 713 838 Quia
725 770 887 825 enimentea
903 769 1050 839 plusquam
1099 771 1133 819 et
1143 764 1241 822 similia
1255 807 1264 833 ‚
1277 768 1396 826 subdidit
1410 769 1532 830 :Scimus
1544 779 1898 852 auumquonimnquoecum·

249 866 373 938 gentiles
386 865 515 924 babentes
530 907 539 932 ,
553 864 624 936 quod
647 877 744 934 nempe
762 862 847 933 legem
861 861 1052 933 accepissent,
1097 857 1203 928 quoles
1216 859 1327 931 loqttitm
1339 903 1348 928 ‚
1360 862 1392 919 iis
1405 867 1449 936 qui
1459 866 1623 940 inteperent
1634 871 1749 942 ueniter
1761 888 1773 940 ,·
1785 886 1814 930 ur
1826 893 1900 932 om

254 960 344 1018 ileum
363 967 476 1018 nossent
490 1001 498 1026 ‚
512 967 540 1015 et
554 958 606 1012 alia
625 970 686 1028 qum
706 954 804 1012 Patulus
819 961 950 1010 memorat
966 995 974 1020 ‚
991 961 1052 1024 pust
1098 965 1133 1004 or
1141 950 1297 1023 eleuaretur,
1310 965 1335 1010 et
1345 955 1460 1013 redditur
1472 959 1518 1029 pot
1530 963 1612 1018 oumie
1625 963 1736 1021 manaim
1746 965 1811 1022 lieo.
1836 966 1898 1024 οω-

258 1053 359 1110 Christi
374 1052 517 1109 adventutn
540 1049 654 1122 gentiles
678 1047 802 1105 viderunt
822 1061 871 1118 per
888 1044 967 1101 ladem
989 1058 1051 1102 cure
1106 1044 1226 1100 nemis
1236 1058 1412 1118 presummat,
1422 1060 1447 1107 et
1460 1063 1533 1124 egent
1543 1053 1627 1125 gloria
1641 1055 1690 1112 liei
1700 1058 1711 1129 (
1723 1057 1799 1116 Rom.
1811 1061 1839 1118 3.
1852 1063 1898 1118 ts.

260 1151 423 1220 partescum
438 1143 541 1201 bonore
553 1149 662 1197 vocatos
675 1179 684 1207 ,
698 1154 731 1196 ac
742 1147 803 1211 post
816 1137 895 1194 iidem
909 1137 974 1192 nibil
992 1136 1052 1208 plus
1105 1144 1129 1190 et
1141 1135 1200 1209 ιδ).
1215 1137 1284 1205 Quid
1294 1154 1359 1212 ergo
1373 1149 1401 1197 te
1412 1141 1505 1209 elleos,
1519 1143 1634 1202 ludeel
1646 1161 1695 1204 cur
1704 1148 1787 1206 altum
1801 1153 1900 1222 sapiet

260 1239 362 1296 babere
375 1251 437 1294 eum
457 1236 503 1306 qui
517 1249 550 1292 ex
564 1233 770 1291 circumcisione
782 1239 855 1290 esset
870 1273 879 1298 ,
892 1245 973 1302 quam
988 1243 1051 1285 eam
1104 1228 1172 1285 Natu
1185 1245 1217 1287 os
1232 1240 1426 1304 quoquotuum
1436 1233 1605 1294 obstructum
1621 1248 1681 1304 est,
1694 1250 1723 1296 et
1737 1240 1898 1299 eortbdemie

259 1333 305 1403 qui
315 1347 348 1388 cx
358 1329 483 1403 gentibus
494 1329 652 1385 accessisset
669 1345 675 1382 :
693 1342 727 1383 ex
738 1324 861 1397 superbia
884 1325 910 1379 in
924 1323 1051 1380 iuvidiam
1104 1331 1149 1378 tua
1173 1325 1300 1391 sufflata,
1323 1341 1355 1383 ae
1374 1341 1437 1383 com
1457 1329 1583 1387 uativerso
1597 1332 1698 1390 mundo
1713 1342 1741 1390 tu
1759 1333 1847 1392 luctus
1867 1351 1899 1393 es
1972 1359 1976 1366 ·

256 1424 360 1496 delapsi
374 1429 457 1486 sunt,
473 1432 554 1492 atque
576 1419 738 1476 ineilabilem
753 1419 825 1474 illam
839 1417 1052 1486 immensamque
1103 1412 1228 1470 subditus
1242 1456 1251 1482 ‚
1267 1427 1296 1472 et
1314 1417 1427 1487 perinde
1443 1427 1524 1492 atque
1539 1421 1583 1477 alii
1596 1437 1665 1494 opus
1677 1425 1761 1482 babes
1773 1436 1803 1484 ut
1814 1429 1899 1498 gratis

258 1517 365 1576 llomini
377 1515 568 1588 benignitatem
582 1529 637 1570 non
651 1513 770 1568 tulerunt
781 1508 868 1581 :quod
879 1525 931 1564 noo
945 1506 1052 1564 aliunde
1101 1504 1267 1576 iustillccris.
1280 1506 1427 1579 oportebat
1446 1522 1520 1569 certe
1542 1515 1647 1571 etiamsi
1661 1517 1745 1587 probe
1759 1519 1872 1577 vixisses
1886 1563 1896 1587 ,

166 1595 167 1603 ¹
256 1609 399 1682 processit,
415 1621 494 1679 quam
508 1621 541 1662 ex
556 1605 720 1675 arrogantia,
734 1599 892 1673 nequitiaet
906 1600 980 1656 odis.
1104 1599 1268 1656 etlrduciam
1292 1601 1404 1658 multam
1417 1605 1489 1674 apud
1511 1605 1597 1663 licum
1612 1607 1762 1678 habuisses,
1775 1611 1830 1669 illis
1842 1629 1898 1670 non

291 1701 321 1760 ἱ.
332 1702 401 1772 Quid
415 1701 498 1769 enim,
513 1699 632 1756 omnium
646 1695 817 1759 stultissimi,
830 1693 876 1750 illa
890 1694 917 1748 in
929 1693 997 1748 alies
1010 1689 1051 1748 cl·
1102 1689 1224 1748 invidere
1235 1732 1242 1758 ‚
1253 1693 1298 1763 qui
1315 1709 1363 1764 per
1377 1694 1568 1768 benignitatem
1582 1699 1629 1755 Ilei
1642 1701 1854 1759 misericordiam
1869 1714 1898 1761 et

254 1791 317 1852 isse
328 1791 493 1864 providentia
506 1791 582 1848 vobis
594 1789 685 1845 damni
694 1785 790 1844 allecti
805 1799 867 1841 uum
878 1783 948 1842 bona
961 1792 1053 1838 vestre
1104 1783 1216 1838 salutem
1230 1787 1420 1854 subsequuturi
1438 1797 1526 1842 erant.
1540 1787 1606 1844 Nam
1624 1799 1755 1848 extremm
1772 1796 1897 1865 nequitie

255 1901 291 1942 es
320 1885 434 1942 aliorum
459 1883 597 1940 consortio
626 1877 814 1935 minuebantur
825 1877 839 1932 i
859 1873 958 1932 Verum
981 1887 1052 1929 cast
1103 1885 1165 1940 eet.
1188 1873 1301 1931 aliorum
1319 1876 1390 1933 bona
1404 1879 1604 1951 iniqoeierre,
1627 1897 1688 1939 cum
1709 1887 1898 1944 maxime-sine

256 1976 379 2050 prolecto
399 1973 499 2030 malitia
515 1982 647 2044 est,qu.u
659 1971 723 2042 quid
737 1970 831 2026 deceat
844 1968 983 2040 percipere
1003 1980 1052 2022 ne·
1101 1967 1392 2026 ullotoodemimento
1404 1969 1431 2026 id
1449 1970 1566 2028 laturum
1584 1981 1638 2029 est.
1657 1973 1686 2031 Si
1700 1977 1897 2033 ertimaliorunt

258 2070 325 2138 quit.
341 2067 494 2123 Exulcerati
505 2077 570 2137 ergo
582 2063 653 2136 quod
667 2063 693 2118 in
707 2062 800 2120 eadem
808 2061 930 2116 libertate
941 2071 1053 2116 consor·
1103 2059 1176 2116 saltis
1191 2062 1259 2117 bona
1274 2072 1318 2117 tua
1341 2063 1542 2143 pessumdaret,
1561 2065 1623 2136 jure
1635 2065 1785 2136 doluisses;
1798 2070 1896 2126 otiam·

263 2171 306 2218 tes
321 2161 460 2227 narborem,
475 2159 501 2214 ln
516 2173 546 2215 se
556 2157 673 2230 gladium
690 2155 873 2228 impulerunt,
890 2165 973 2224 seque
986 2166 1001 2206 a
1016 2150 1054 2207 di-
1104 2153 1127 2209 ti
1145 2152 1171 2207 id
1187 2169 1240 2208 non
1254 2153 1365 2210 accedat
1383 2156 1414 2212 iis
1427 2155 1473 2227 qui
1488 2157 1670 2230 plvilusoplrari
1692 2160 1853 2218 dididerunt.
1867 2163 1897 2218 Si

256 2257 321 2313 ‘vina
334 2255 497 2328 benignitate
509 2249 665 2326 ejeceram:
677 2259 706 2307 et
717 2250 778 2321 jure
791 2248 910 2320 quidem.
921 2246 988 2305 Nam
1003 2245 1051 2301 ait:
1102 2252 1193 2299 autem
1206 2243 1483 2317 alteriussupplicium
1496 2249 1649 2306 nemeaeus
1660 2260 1732 2307 trrnm
1743 2266 1797 2308 aton
1806 2263 1897 2324 surget,

259 2348 347 2404 Amice
359 2387 367 2416 ,
380 2361 430 2403 non
444 2347 513 2420 focio
525 2345 569 2400 tibi
580 2343 704 2415 iniuriam
716 2357 725 2396 .·
737 2339 794 2396 eolo
806 2348 890 2394 uatem
903 2346 926 2392 et
938 2337 977 2392 lais
991 2335 1054 2391 dare
1101 2333 1191 2408 neque
1204 2337 1276 2393 illius
1291 2336 1405 2395 lelicltas
1418 2339 1503 2410 ipsam
1517 2342 1625 2410 minuit,
1640 2359 1689 2400 eur
1699 2354 1727 2401 tu
1737 2345 1814 2402 doles
1826 2348 1898 2418 quud

257 2441 324 2496 sieut
337 2448 361 2493 et
374 2438 419 2493 ribi
430 2441 439 2512 q
451 2435 546 2492 dunt.
559 2433 607 2491 20.
621 2433 665 2490 lb.
681 2430 745 2505 ll).
762 2429 818 2488 imo
828 2445 863 2486 ne
873 2428 982 2501 quidem
1001 2425 1053 2483 ltae
1103 2431 1172 2484 atius
1193 2431 1277 2500 gratis
1301 2431 1389 2495 saltate
1414 2431 1556 2490 donetur?
1578 2433 1729 2506 oportebat
1754 2437 1855 2508 igitur,
1868 2449 1898 2492 ov

259 2530 434 2603 responsione
444 2527 515 2600 digni
528 2533 600 2583 eunt.
613 2525 662 2581 lile
673 2521 787 2594 adunque
797 2521 846 2576 ersi
856 2533 927 2592 egre
939 2517 1051 2586 terebat,
1105 2522 1175 2590 dixi,
1191 2523 1295 2581 etiamsi
1306 2531 1332 2580 tc
1345 2524 1428 2597 probe
1445 2527 1592 2597 gessisses.
1607 2543 1660 2584 non
1673 2529 1791 2586 morderi
1806 2530 1841 2586 de
1854 2545 1897 2586 ss·

259 2633 364 2696 poterat
378 2620 467 2680 tame'n
479 2619 534 2679 diel
547 2619 630 2676 totius
640 2617 746 2673 labores
762 2627 918 2684 ,aerumnas
934 2619 1051 2680 ,astum
1102 2617 1160 2672 tute
1181 2618 1208 2672 in
1218 2626 1316 2688 geum
1335 2617 1421 2675 effusa
1434 2638 1441 2672 ι
1455 2634 1518 2676 oum
1540 2631 1631 2677 numm
1652 2621 1747 2679 starem
1766 2623 1898 2680 „mm

239 2775 243 2784 ,
258 2729 286 2775 et
306 2717 433 2775 sudorem
456 2714 599 2787 prolerre:
614 2711 641 2767 bi
657 2709 797 2782 veroquid
817 2707 908 2764 dicere
925 2705 1053 2778 possint?
1099 2711 1291 2781 peccatissis,
1305 2709 1503 2784 bomiotmque
1515 2713 1685 2784 offenderis,
1702 2715 1815 2772 aliorum
1825 2715 1897 2772 boue

155 2841 160 2848 ·
258 2809 330 2868 Nibll
340 2808 449 2882 quidem
463 2807 535 2873 tale3
552 2804 599 2861 sed
612 2803 742 2860 desidiam
756 2844 763 2867 ‚
778 2801 1009 2872 intemperantiam
1024 2809 1053 2855 et
1103 2819 1176 2875 agre
1190 2804 1256 2872 less,
1269 2815 1298 2860 et
1312 2806 1395 2861 altam
1410 2807 1502 2876 sapis,
1515 2809 1591 2877 quasi
1604 2808 1678 2864 solus
1692 2808 1792 2866 debeas
1802 2809 1897 2880 gratiae

255 2903 398 2963 milleritia
414 2943 422 2970 ,
439 2915 499 2972 quae
507 2891 644 2970 propbeta
654 2909 748 2951 omnes
762 2894 913 2950 incusantes
927 2892 978 2948 illis
990 2905 1052 2964 per·
1103 2913 1215 2953 consors
1226 2912 1298 2963 esso,
1313 2913 1366 2953 nou
1379 2899 1486 2954 invidiae
1497 2893 1586 2956 solum
1606 2909 1635 2956 ct
1646 2902 1808 2973 arrogantiae
1823 2944 1832 2969 ,
1847 2902 1895 2958 sed

258 2995 535 3070 petmobjieieltant:
553 3006 601 3062 per
621 3003 682 3059 quae
704 2987 767 3042 vitia
790 2985 827 3040 illi
844 2984 954 3056 perinde
969 2992 1051 3054 atque
1103 2989 1185 3044 etiarn
1212 2996 1295 3044 tantae
1314 2990 1458 3046 dementiae
1480 3005 1560 3047 causa
1589 2992 1708 3047 onmium
1725 2992 1897 3062 gravissimis

256 3087 370 3161 gastim
384 3087 468 3144 licum
479 3084 657 3140 offenderent.
673 3079 700 3135 ld
716 3077 786 3150 quod
802 3075 1052 3133 declaransPaulus
1102 3081 1200 3150 diguus
1221 3080 1304 3136 lucris
1324 3081 1462 3152 suppliciis
1476 3100 1484 3138 :
1498 3086 1617 3138 omnium
1642 3083 1740 3154 quippe
1762 3084 1896 3139 malorum

256 3180 362 3240 dicebat
377 3198 385 3236 t
402 3178 542 3236 Nonacrim
561 3186 597 3230 ert
611 3174 740 3229 distinctio
752 3169 837 3228 Jtrdacl
851 3180 930 3241 atque
941 3167 1051 3225 Gracci:
1104 3174 1224 3231 radicem
1248 3171 1402 3243 superbiam
1428 3176 1454 3229 in
1475 3184 1503 3231 te
1528 3159 1676 3231 inseruisti.
1699 3176 1763 3231 ideo
1787 3178 1896 3245 sapiens

257 3290 343 3332 ontnet
354 3276 419 3331 enim
432 3278 616 3346 peccauerunt,
632 3278 655 3323 et
669 3275 740 3339 egeat
752 3264 835 3338 gloria
850 3264 906 3319 Dei.
913 3263 1052 3335 justificari
1102 3264 1235 3335 quispiam
1248 3264 1372 3321 dicebare
1385 3264 1546 3338 Principium
1559 3268 1656 3338 peccati
1666 3267 1785 3337 superbia
1796 3265 1895 3339 (Eccli.

256 3370 336 3441 pratis
359 3382 404 3439 per
417 3364 526 3439 gratiam
540 3361 621 3434 ipsius
644 3358 731 3431 (llario.
747 3358 774 3412 5.
789 3356 826 3411 22
840 3354 899 3427 it).
916 3354 972 3410 lloc
986 3367 1051 3408 vero
1104 3354 1147 3411 lb.
1163 3356 1232 3426 l5);
1249 3355 1301 3412 ltoe
1312 3365 1355 3413 est
1371 3357 1470 3424 ‚radia
1486 3398 1495 3424 ‚
1511 3355 1571 3413 lotos
1587 3368 1704 3419 ‚maten
1717 3354 1763 3413 Sic
1775 3372 1823 3427 per
1835 3373 1900 3433 eam·

256 3467 337 3531 caput
352 3466 435 3513 toturn
449 3455 551 3511 utiliter
561 3459 589 3508 et
601 3450 743 3507 admodum
759 3448 904 3519 prudenter
916 3446 941 3501 itt
952 3445 1052 3518 episto-
1103 3448 1205 3520 primos
1217 3450 1323 3504 bornoa
1340 3449 1419 3504 beato
1430 3435 1477 3505 ilio
1489 3460 1559 3506 statu
1573 3448 1695 3519 dejectus
1708 3456 1770 3509 est:
1784 3449 1824 3505 sie
1835 3447 1897 3503 diu·

258 3552 283 3607 la
297 3549 341 3606 illa
355 3553 510 3619 pertractat.
527 3544 658 3615 Superius
680 3549 769 3597 autem
794 3538 853 3593 illos
877 3538 971 3607 majori
986 3552 1051 3608 sup·
1102 3541 1180 3598 bolus
1194 3542 1239 3612 qui
1251 3543 1325 3597 iilmu
1339 3540 1457 3611 decepit,
1472 3541 1508 3595 ab
1520 3541 1564 3596 illa
1579 3540 1717 3611 dignitatis
1731 3540 1896 3597 sublimitate

257 3642 339 3714 plicis
349 3638 444 3712 dignos
457 3635 575 3694 ostendit
590 3653 598 3689 ι
613 3634 769 3704 Quotcunque
778 3634 845 3686 enim
857 3631 884 3684 iu
895 3630 949 3701 lege
959 3645 1050 3700 pecco-
1101 3632 1212 3689 excidit.
1225 3632 1314 3699 Quare
1324 3645 1387 3687 cunt
1400 3641 1488 3686 nosset
1502 3630 1633 3686 scelestus
1646 3630 1695 3686 ille
1704 3629 1783 3701 brrjrrs
1793 3630 1894 3700 pcccati

257 3742 354 3799 centul,
373 3748 417 3803 per
438 3732 518 3803 legem
524 3722 710 3799 judicabuntur
723 3722 809 3794 (Rana.
822 3722 849 3777 i.
864 3721 909 3793 li)
924 3738 932 3776 r
946 3720 972 3776 id
986 3730 1049 3789 est,
1105 3736 1226 3782 eorunm
1241 3726 1319 3797 posse
1328 3739 1363 3780 ex
1371 3724 1437 3795 ipsis
1450 3722 1525 3779 caelis
1538 3720 1665 3793 dejicere,
1678 3722 1748 3778 banc
1760 3722 1896 3794 ingressos

256 3828 363 3899 gravius
373 3842 381 3891 3
393 3824 454 3896 quia
470 3830 570 3893 practer
593 3829 716 3875 mattarum
740 3818 827 3887 legem
843 3830 951 3887 quoque
965 3830 1048 3872 accu·
1102 3822 1171 3875 riam
1186 3829 1236 3883 est,
1253 3834 1315 3875 cum
1329 3818 1459 3873 ddsmum
1481 3832 1516 3873 ex
1530 3825 1604 3871 tauto
1626 3814 1728 3872 ltmtore
1750 3815 1897 3872 deturbare

263 3930 362 3976 sonitem
378 3914 522 3973 ltabcbunt.
534 3912 625 3985 Neque
637 3910 699 3965 irinc
713 3919 826 3971 tantum,
840 3910 887 3965 sed
899 3918 927 3964 et
939 3908 1010 3981 quud
1021 3908 1048 3965 in
1101 3910 1298 3969 cursualium
1319 3912 1392 3966 enim
1413 3910 1488 3965 illum
1513 3924 1562 3980 spe
1583 3909 1745 3981 equalitatis
1764 3925 1825 3965 curn
1841 3908 1897 3965 Dee

259 4026 342 4069 causa
356 4008 456 4067 luerint
468 4014 619 4076 turgentes
635 4002 719 4057 licum
735 4002 951 4073 blasphemarent
966 4018 972 4054 :
989 4000 1047 4056 No·
1103 4002 1284 4074 adipiscendae
1297 3999 1419 4056 iudanom
1434 3999 1616 4064 reddidisset,
1630 4000 1670 4055 sic
1690 4000 1765 4054 illum
1785 3998 1895 4069 dejecit,

193 4148 197 4165 ‚
258 4122 284 4158 vn
295 4120 325 4159 sn
336 4100 506 4162 enimtoleum,
522 4095 607 4165 iuquit
618 4134 625 4158 ,
637 4110 682 4164 per
694 4110 737 4148 oos
750 4092 973 4164 blasphematoris
986 4108 1050 4165 gen·
1100 4104 1128 4152 ct
1141 4096 1168 4150 lu
1178 4091 1337 4165 profundum
1352 4091 1448 4147 inierui
1463 4090 1647 4163 praecipitavit.
1662 4090 1732 4146 Nihil
1745 4090 1817 4148 euim
1829 4091 1864 4146 iu
1877 4107 1894 4147 a

257 4190 323 4245 ἨΜ
333 4185 412 4259 (stli-
427 4182 473 4239 52·
488 4182 515 4237 5·
531 4179 607 4235 [³⁰³⁸-
620 4176 714 4247 Νη·
727 4178 794 4233 Cum
809 4177 889 4249 Ῑῧῑῑῑῑῐ
901 4177 953 4233 ¹¹⁰⁰
965 4178 1050 4233 mm·
1100 4188 1148 4243 {lei
1160 4184 1327 4256 benignitate
1341 4183 1441 4238 auertit
1455 4223 1463 4250 ‚
1488 4192 1516 4237 ct
1529 4180 1660 4251 gelteunae
1674 4181 1741 4253 ignis
1762 4181 1896 4252 supplicio

257 4296 301 4336 me
319 4275 457 4335 morderet
471 4270 555 4336 bross
574 4268 673 4327 etenim
692 4267 862 4326 credemibus
874 4270 992 4342 'quoque
1012 4286 1048 4327 ⁰¹
1100 4278 1192 4342 tradit,
1208 4277 1381 4347 utsuperbim
1394 4276 1525 4348 tyrannis.
1539 4274 1595 4330 llac
1608 4290 1657 4331 nos
1668 4288 1826 4346 occupante,
1843 4286 1900 4335 tote

257 4366 460 4427 circumcisione
473 4376 517 4418 res
528 4360 657 4432 stupenda
669 4359 808 4416 videbatur
822 4374 902 4427 esse;
918 4362 1050 4433 quamob·
1108 4372 1163 4425 vita
1175 4380 1268 4426 nostra
1278 4372 1383 4439 impura
1398 4367 1524 4434 allicitur,
1535 4368 1639 4423 etiamsi
1652 4369 1802 4425 castitatem
1817 4411 1825 4437 ,
1839 4371 1897 4427 vir·

258 4474 317 4518 rem
343 4457 450 4514 Pctrunr
473 4452 630 4532 incusabant
644 4450 766 4509 Caesarea
781 4453 814 4508 ad
828 4467 859 4509 se
871 4454 1047 4520 redeuntum,
1099 4462 1263 4533 ginitatem,
1277 4459 1429 4531 jejunium.
1455 4458 1655 4528 precationem,
1672 4459 1870 4531 eleemosynarii
1887 4506 1898 4530 ‚

257 4554 328 4625 quod
342 4550 377 4608 ad
390 4549 462 4604 viros
482 4546 640 4618 preputium
666 4546 795 4603 babentes
814 4547 951 4618 ingressus
963 4556 1046 4613 essct,
1102 4562 1269 4624 caeterosque
1284 4552 1397 4607 uirtutes
1410 4564 1585 4606 exerceamus
1609 4548 1784 4617 immundus,
1800 4552 1898 4623 iuquit.

256 4657 287 4701 ct
305 4660 365 4701 cum
389 4641 443 4697 illis
465 4638 646 4695 comedisset:
661 4648 689 4693 et
701 4647 841 4710 postquam
867 4641 922 4695 Dei'
938 4653 1049 4697 mcono‘-
1105 4646 1176 4717 opud
1187 4642 1325 4699 llominunt
1338 4643 1420 4699 oannis
1437 4640 1560 4713 reperies
1572 4644 1582 4712 (
1596 4642 1676 4697 Proo.
1691 4642 1737 4698 lli.
1753 4642 1803 4717 e).
1820 4644 1901 4700 Harrrc

260 4738 342 4793 variant
365 4731 578 4795 intellexerant,
598 4728 685 4784 adituc
707 4730 875 4787 mirabantur
893 4748 947 4803 quo
971 4741 1050 4803 pacto
1102 4753 1166 4810 ergo
1177 4737 1260 4792 animi
1272 4744 1404 4793 tumorem
1419 4734 1628 4803 comprimamus
1644 4749 1652 4798 ;
1666 4732 1739 4791 ltuuc
1751 4734 1849 4791 lustrari
1864 4736 1902 4791 de

259 4823 453 4883 vlonrtnvsancti
463 4821 578 4893 Spiritus
592 4821 618 4876 in
629 4819 842 4891 gunteseiiusum
850 4834 923 4881 esset
934 4841 984 4892 ;ex
994 4834 1051 4881 stu·
1103 4831 1194 4887 modio
1208 4829 1332 4884 tollamus
1346 4869 1353 4892 ,
1367 4828 1390 4881 si
1412 4825 1504 4880 muudi
1527 4826 1643 4880 velimus
1653 4840 1732 4891 esse,
1753 4836 1785 4881 et
1802 4827 1837 4882 ab
1852 4842 1898 4888 co.

258 4918 550 4993 pnresignilvcantcssc
559 4930 701 4987 numquam
711 4926 827 4973 remtam
839 4919 999 4988 inopinatam
1008 4935 1051 4978 ex·
1105 4923 1176 4996 quod
1196 4921 1438 4992 diaboloparatum
1450 4926 1516 4982 est,
1536 4918 1668 4988 supplicio
1690 4918 1809 4975 liberari.
1828 4920 1898 4975 Nam

260 5009 740 5084 sqicctnvisseQuiaergoseiebatillos
750 5010 1052 5087 bocpotissimumaegre
1103 5016 1174 5089 qrrnd
1189 5028 1318 5083 arrogans
1330 5011 1426 5067 eodem
1439 5026 1494 5081 quo
1509 5010 1633 5066 diabolus
1647 5013 1683 5067 sit
1697 5012 1829 5082 supplicio
1844 5028 1892 5083 pu·

261 5109 343 5173 terre,
353 5104 419 5159 nibil
432 5118 484 5158 raon
500 5102 555 5173 agit
566 5113 594 5157 ut
605 5116 698 5160 eurum
715 5111 846 5160 tumorem
857 5104 1010 5177 deprimat,
1024 5117 1053 5165 et
1104 5106 1229 5172 niendus,
1242 5104 1304 5161 audi
1316 5102 1572 5161 sauromatarum
1588 5123 1596 5159 ε
1610 5102 1672 5159 Non
1686 5108 1852 5176 uaopltqtuaq
1864 5123 1888 5159 an

263 5198 415 5269 erogantis
428 5194 659 5266 inflatosdejiciat.
671 5195 706 5251 Et
719 5195 781 5253 vide
791 5196 926 5267 quomodo
939 5198 966 5254 id
979 5208 1050 5271 agat
1104 5202 1131 5255 lu
1140 5198 1285 5269 superbiam
1297 5198 1397 5258 elatus,
1411 5196 1573 5265 injudiciem
1582 5196 1678 5251 incidat
1691 5198 1756 5253 etin
1770 5196 1898 5267 laqueour

297 5290 562 5362 relaturorum
578 5286 663 5345 Paulo
682 5288 791 5344 maxime
803 5288 834 5343 ol
847 5304 921 5344 reem
931 5306 1054 5363 arrogare·
1105 5290 1222 5363 diaboli(
1236 5291 1262 5345 l.
1280 5288 1346 5344 Tim.
1362 5288 1418 5345 bb
1432 5292 1453 5359 i.
1468 5286 1540 5358 Quid
1554 5296 1597 5344 est
1606 5288 1760 5359 judicium?
1781 5289 1809 5344 lu
1824 5304 1901 5343 eertu-

238 5370 243 5380 '
262 5388 334 5441 tinnit.
349 5382 475 5456 Superbia
487 5400 574 5440 omnes
587 5382 690 5439 uirtmer
704 5380 788 5435 reddit
801 5380 913 5437 inutiles.
929 5412 964 5423 -—
977 5383 1054 5439 Post·
1105 5381 1178 5448 dem,
1187 5381 1281 5453 inquit,
1296 5380 1506 5439 damnationem.
1518 5381 1544 5434 in
1556 5379 1627 5436 idem
1639 5379 1807 5450 supplicium.
1821 5380 1897 5449 Quo-

261 5494 341 5547 qnnm
354 5476 388 5533 de
401 5474 547 5548 gentilibus
558 5474 742 5544 disputaverat
751 5508 760 5537 ,
770 5471 977 5544 ostenderetque
993 5474 1053 5531 illos‘
1096 5474 1186 5529 'modo
1200 5473 1281 5544 igitdr
1298 5471 1351 5527 lnoc
1360 5472 1459 5526 malum
1474 5468 1602 5541 effugeris
1614 5471 1626 5525 l
1639 5470 1668 5527 st
1683 5480 1772 5527 tecum
1784 5482 1896 5541 reputes

261 5570 360 5625 nullam
377 5582 485 5639 prorsus
498 5564 680 5623 delensionem
692 5554 801 5629 babae„
814 5562 1052 5635 nullamquespeut
1108 5576 1230 5622 naturam
1242 5575 1326 5629 tuam,
1339 5564 1362 5619 si
1376 5572 1546 5635 peccatorum
1561 5562 1757 5618 multitudinem
1773 5604 1782 5627 .
1796 5561 1821 5617 si
1835 5578 1896 5617 me·

191 5644 193 5651 ’
262 5664 379 5728 salutis,
404 5661 555 5732 acriterque
569 5660 627 5715 illos
646 5654 864 5715 incusaverutde
877 5659 1052 5725 perversitate
1106 5658 1271 5729 gnitudinem
1293 5658 1479 5716 cruciatuum:
1496 5656 1519 5712 si
1541 5654 1701 5726 cogitaveris
1721 5669 1802 5727 quam
1822 5652 1897 5713 dum

262 5752 392 5811 doctrinar
409 5752 498 5823 deque
515 5755 575 5806 vttea
589 5749 742 5821 impuritate
755 5767 766 5813 s
779 5748 813 5807 td
826 5744 934 5806 luteos
948 5762 1052 5812 termo·
1108 5754 1160 5810 tint
1174 5767 1205 5809 ea
1219 5766 1279 5825 que
1292 5753 1321 5808 iu
1333 5751 1386 5808 ltoe
1399 5750 1500 5808 mundo
1522 5746 1661 5822 splendida
1676 5748 1897 5822 ulwurmes,
