4084 6350
172 381 209 438 *Π
631 375 665 432 ΙΝ
683 373 776 434 ACTA
793 370 1057 432 neostonuttttnt.
1077 371 1195 431 noum.
1218 370 1267 430 11.
1784 368 1820 426 id

174 495 221 552 sed
243 493 283 550 sic
303 491 445 565 oportebat
467 489 526 547 deri
542 509 549 545 r
564 501 593 548 et
618 488 793 546 testificantur
815 485 965 559 prophete.
1027 485 1114 558 pende
1126 505 1134 544 ε
1144 487 1189 542 ulti
1203 487 1237 543 ad
1250 486 1334 544 neum
1349 485 1478 558 eonlngit,
1490 483 1709 557 dixituneipsnm
1720 481 1819 541 tenso

174 587 266 656 traque
279 602 333 640 nou
346 585 382 640 olo
401 583 584 640 infirmitatem
608 600 663 640 nort
683 581 843 648 descendit,
865 579 914 637 sed
934 579 970 634 ou
1025 579 1206 648 omnia31unc
1218 579 1280 638 illos
1290 581 1350 637 siue
1362 587 1434 638 metu
1447 579 1613 651 perstringit.
1623 577 1687 635 ldeo
1696 582 1832 650 suipertus,

9 695 33 745 ι
52 746 55 750 A
174 696 250 737 suam
260 679 397 734 rirtutcm.
414 678 449 734 Et
461 677 514 734 lnoc
524 677 599 748 ponit
612 678 638 732 in
652 677 853 732 excusationem
864 672 972 730 ludaeo-
1024 673 1140 731 dicebat.
1155 673 1245 730 Virum
1259 675 1426 748 upmeiotum
1438 691 1456 730 u
1469 673 1524 731 lieo
1537 675 1564 730 in
1581 671 1661 730 uoltis.
1675 671 1821 744 Et‘ulniqus

175 790 247 837 rum.
261 780 292 828 ιιι
305 773 386 827 etlam
401 770 545 840 accipiant.
560 769 605 826 Sic
617 768 739 840 impleuit,
756 767 851 838 innuit.
864 764 969 829 Videu',

175 863 311 937 utromodo
325 872 412 918 tutum
425 862 489 918 illuc
503 861 622 918 rcierati
635 861 682 917 ut.
698 858 861 914 Pteritemini
869 858 969 928 ipitur,

175 958 261 1028 ittqttit
273 998 281 1022 ,
294 965 318 1012 et
332 955 515 1011 convertimini.
529 953 584 1009 Nec
597 953 679 1021 dicit,
696 953 718 1008 Α
732 953 848 1022 percutis
858 949 970 1017 ιιιιιίις

175 1051 241 1114 sed,
256 1049 292 1106 iit
301 1048 434 1106 deleantur
448 1059 552 1119 pecentu
565 1056 659 1111 uestro,
676 1045 791 1117 idipsum
803 1044 969 1116 significuus.

176 1142 278 1198 Deinde
291 1143 394 1198 lucrum
406 1140 517 1210 apponit
533 1152 539 1194 t
557 1137 592 1195 ίῖι
604 1155 662 1194 cum
676 1139 787 1192 venerim
799 1147 911 1206 tempora
927 1151 971 1191 re·

175 1234 274 1309 [tigerii
285 1252 302 1288 tr
312 1243 447 1304 corispeetu
459 1231 576 1287 Domini.
591 1229 640 1286 llic
654 1229 762 1285 exitiisct
773 1228 833 1284 illus
844 1228 872 1283 in
887 1229 971 1284 nuisc-

175 1327 243 1383 riam
267 1327 411 1396 delapsus,
437 1325 581 1395 multisque
612 1322 723 1392 edoctos
750 1321 968 1377 catamitaunas:

175 1419 290 1490 ideoque
303 1418 343 1473 sic
354 1415 492 1487 loquitur,
507 1429 607 1486 gnerus
621 1415 679 1475 lrarc
702 1413 783 1468 rerba
807 1413 919 1483 patienti
942 1423 972 1468 ct

175 1511 388 1568 consolationem
403 1509 534 1578 turarretui
549 1521 707 1579 congruere.

209 1601 236 1656 2.
253 1603 287 1657 lit
301 1601 362 1656 ride
381 1598 517 1672 utromodo
539 1599 677 1670 procedat.
695 1597 723 1653 ln
739 1598 825 1670 prima
836 1597 968 1654 concione

173 1694 273 1750 seusina
289 1692 516 1748 resurrectionem
530 1700 559 1746 et
571 1691 719 1746 sessionem
733 1691 759 1746 in
771 1690 840 1746 codo
850 1690 971 1745 salsitudi-

173 1787 259 1852 curit;
279 1785 322 1840 ltic
335 1797 401 1840 nero
415 1785 488 1838 clare
500 1781 645 1838 adventuum
659 1781 747 1838 effert.
766 1780 812 1838 su.
829 1781 862 1835 lit
876 1782 972 1836 ntiserit

174 1895 240 1941 eum,
251 1877 295 1945 qni
307 1885 366 1931 uerte
378 1862 530 1946 piudieutnts
539 1883 585 1940 est,
595 1873 832 1941 desutuGitristnm,
840 1873 886 1930 st.
896 1890 971 1944 ouem

172 1980 271 2042 oportet
283 1969 385 2042 quidem
396 1967 488 2024 endum
500 1970 647 2041 tromper&
662 1969 759 2036 idest,
774 1979 885 2025 necesse
903 1981 946 2025 cst
961 1988 968 2024 ι

173 2082 252 2137 utone
271 2065 306 2119 ud
328 2075 442 2137 tempere
463 2065 629 2120 restitutionis
649 2070 772 2118 euentum.
793 2061 884 2132 Quare
898 2077 970 2117 ttunc

173 2175 226 2214 non
247 2158 348 2227 rcuiet,
369 2171 450 2214 musa
472 2155 612 2212 usatitests
635 2163 686 2211 est.
712 2155 777 2223 Qnte
795 2155 914 2228 loquutus
933 2164 971 2209 est

171 2250 242 2308 Deus
254 2267 300 2322 per
314 2268 343 2307 us
359 2263 504 2306 unctorum
518 2265 622 2304 suorum
636 2265 653 2304 u
666 2249 760 2304 sternio
775 2249 968 2320 prophetorum.

169 2344 216 2400 22.
228 2341 331 2416 diopros
341 2343 443 2414 guidem
458 2341 573 2412 putridus
587 2341 652 2396 ttatt
665 2357 676 2396 .·
691 2339 847 2412 Prophetuns
858 2342 969 2395 suscite-

170 2437 205 2491 lrit
219 2436 288 2491 ruiis
305 2435 431 2490 Dominus
443 2432 515 2488 Dens
526 2443 607 2488 uester
618 2439 650 2487 tte
662 2433 786 2503 protritus
800 2432 888 2487 uestris
903 2442 981 2487 tum·¹

169 2547 246 2600 uuum
259 2545 299 2585 ure
312 2549 322 2584 .·
335 2529 419 2600 ipsum
435 2528 544 2583 audietis
558 2528 637 2599 justu
653 2529 738 2581 cmnt'n
752 2541 915 2598 quecumque
932 2527 971 2580 lo·

169 2632 263 2694 quern
277 2619 539 2695 eneruauerunt.
554 2620 598 2675 tu.
614 2620 671 2689 te).
687 2619 742 2675 tun
765 2619 910 2686 pararem,
927 2596 978 2675 nte·

169 2715 289 2786 Mopsum
300 2715 467 2770 memorarit.
482 2712 613 2781 (inertium,
630 2713 725 2783 inqttis,
737 2727 794 2783 puer
805 2713 924 2784 loquutus
934 2719 972 2766 est

170 2807 253 2864 Dens.
264 2807 321 2864 Nou
332 2808 407 2871 dicit,
418 2811 483 2875 Quen
496 2808 620 2877 loquutus
631 2816 672 2860 est
684 2805 825 2872 Clrristus3
836 2804 895 2869 sed,
906 2804 972 2872 Qus

170 2900 291 2969 loquutus
312 2913 349 2954 est
370 2897 457 2964 Beue·
470 2897 509 2954 sic
530 2897 582 2952 eulr
598 2897 692 2952 uudna
710 2895 839 2967 paulutitn
859 2895 921 2950 illos
935 2897 970 2952 ad

169 2992 251 3048 lidum
264 2992 410 3048 addttceus.
426 2991 522 3048 Postea
535 2989 569 3044 ad
583 3005 641 3046 reru
655 2987 709 3045 lide
720 2988 828 3060 dignam
839 2989 968 3059 contagto,

168 3086 283 3142 uterne:
299 3084 456 3158 Propitetom
470 3085 601 3142 sttteituiit
619 3084 689 3141 nodis
710 3083 837 3139 Iiotninns
855 3082 926 3139 Deus
938 3101 972 3141 ec

169 3182 291 3253 frutribus
301 3183 389 3239 uestris
400 3193 529 3254 tnntqnum
542 3198 601 3237 me:
611 3182 696 3254 ipsum
707 3182 817 3238 audietis
826 3182 904 3254 jactu
916 3195 971 3235 om·
989 3227 991 3232 .

170 3275 223 3328 nie.
244 3273 347 3331 Deinde
366 3274 432 3329 ultio
452 3289 547 3346 rrtagna
567 3274 699 3344 seqnitur.
722 3272 768 3329 23.
788 3272 846 3328 Erit
864 3280 968 3340 entem,

169 3364 266 3435 itrtptlt,
279 3367 362 3420 curnis
372 3366 459 3421 uttimu
471 3381 528 3436 pute
537 3381 588 3420 nott
598 3364 709 3419 erudierit
721 3364 872 3437 prophetem
883 3362 968 3427 illum,

170 3458 377 3512 exterminabitur
389 3459 421 3512 de
436 3458 516 3528 plebe.
530 3457 576 3511 at.
593 3454 627 3511 Et
636 3473 724 3511 curres
739 3456 900 3527 propinetur
916 3454 969 3511 Su·

1025 767 1078 824 illie
1093 769 1144 828 inec
1157 769 1262 826 lacinus
1279 777 1492 837 commemorat,
1506 777 1535 826 ut
1553 766 1712 826 miraculum
1725 776 1820 823 osten·
1896 763 1898 770 '

1025 859 1113 928 datur,
1129 868 1156 915 et
1169 862 1332 919 resurreetio
1347 863 1477 918 lrrmetnr.
1493 859 1542 918 ilic
1554 871 1644 917 autent
1656 847 1729 915 r'diud
1742 857 1820 915 addi·

1024 951 1063 1006 dit
1079 969 1086 1010 :
1099 967 1153 1009 non
1164 954 1237 1010 eninr
1249 953 1304 1025 jani
1319 954 1394 1010 illum
1406 953 1573 1011 Nazarenum
1585 953 1660 1021 dicii,
1674 952 1722 1010 seu
1734 952 1821 1023 quidl

1024 1043 1114 1110 Drus.
1137 1047 1241 1118 intpttit,
1262 1058 1365 1120 petrum
1386 1059 1531 1104 uestrorum
1551 1046 1703 1122 glorificavit
1722 1044 1821 1104 Filium

1024 1153 1098 1192 suum
1112 1137 1212 1197 desum.

1061 1230 1119 1298 Quo
1130 1233 1181 1286 ritu
1194 1230 1286 1288 Petrus
1295 1232 1468 1291 concionetur.
1478 1261 1514 1275 -
1528 1232 1605 1298 uiue,
1619 1247 1698 1304 utrum
1712 1232 1819 1290 alienus

1024 1325 1060 1382 sit
1073 1342 1088 1382 a
1103 1327 1181 1382 laetu.
1195 1327 1254 1384 Non
1267 1328 1414 1396 acetrsarit,
1430 1343 1517 1401 nrqtre
1528 1343 1588 1384 mos
1602 1327 1669 1385 dixit
1681 1346 1689 1384 ι
1701 1328 1735 1385 Et
1749 1344 1820 1384 nnuc

1024 1418 1126 1475 credite
1143 1439 1150 1475 :
1165 1433 1229 1475 ecce
1249 1419 1350 1488 lromo,
1374 1435 1435 1476 cunt
1464 1435 1513 1491 per
1533 1421 1708 1492 quadraginta
1733 1435 1821 1476 autres

1022 1510 1135 1568 claudus
1149 1509 1254 1578 ltrlsset.
1270 1512 1297 1567 in
1310 1510 1419 1568 numine
1431 1510 1495 1569 iesu
1509 1511 1608 1568 Clrristl
1618 1513 1747 1569 surrexit.
1760 1511 1820 1567 Non

1023 1602 1059 1658 ita
1074 1603 1161 1670 dixit,
1178 1619 1239 1660 natu
1258 1605 1484 1661 contentittsiores
1502 1603 1564 1660 illos
1581 1581 1756 1670 reudtutssru
1772 1603 1822 1660 sed

1024 1695 1131 1751 interim
1145 1695 1235 1752 laudat
1246 1695 1325 1766 illos,
1339 1696 1411 1769 uttod
1426 1711 1483 1752 rem
1497 1695 1704 1753 adtuirarentur.
1720 1695 1755 1752 Ει
1768 1695 1820 1751 ite·

1024 1803 1084 1842 ruta
1097 1803 1112 1842 a
1126 1789 1296 1860 promeriture
1308 1799 1396 1845 uocat.
1416 1789 1471 1845 Nec
1485 1788 1550 1846 dicit
1566 1783 1667 1848 :iesus
1680 1787 1757 1844 illurn
1770 1803 1821 1845 cu·

1022 1880 1178 1944 euriclion
1191 1881 1277 1951 ipsum
1289 1897 1353 1938 rere
1365 1890 1501 1949 curassem
1514 1881 1562 1938 sed
1575 1897 1610 1939 ue
1621 1881 1753 1948 dicerent,
1766 1881 1821 1940 lic·

1023 1986 1075 2042 uua
1093 1969 1269 2029 incuratione
1288 1973 1418 2040 enituntur,
1434 1974 1457 2030 sl
1471 1975 1704 2045 prevaricatorem
1715 1973 1821 2044 glurill-

1022 2064 1084 2119 tatl
1109 2062 1171 2121 ideo
1191 2063 1218 2120 iu
1245 2075 1364 2121 mentem
1387 2067 1441 2124 illis
1465 2075 1574 2122 renerus
1597 2065 1728 2138 jaddun
1750 2063 1823 2138 uputl
1906 2077 1909 2086 ·

1024 2155 1140 2214 Pilatum
1157 2174 1165 2212 a
1181 2157 1338 2227 ostendeus,
1357 2158 1381 2215 si
1400 2159 1541 2217 attendere
1562 2160 1665 2226 retius.
1684 2175 1738 2218 nen
1758 2175 1823 2218 csse

1022 2247 1098 2304 illum
1116 2250 1349 2320 praevaricatorem
1365 2270 1372 2306 :
1388 2252 1561 2322 nequeenim
1576 2252 1678 2308 Pilatus
1691 2251 1823 2309 totrtsser

1022 2353 1084 2396 eure
1097 2339 1244 2398 dimittere.
1260 2341 1314 2398 Nec
1327 2342 1401 2408 dicit,
1414 2341 1541 2411 l'oleute3
1557 2343 1617 2412 sed,
1628 2342 1766 2400 luditunte
1775 2343 1822 2400 ilie

1024 2434 1134 2498 dtmitti,·
1152 2435 1294 2492 declarans
1305 2451 1354 2492 vos
1370 2449 1451 2504 eum,
1466 2437 1512 2508 qui
1530 2436 1600 2494 alios
1614 2436 1764 2505 occidebat,
1778 2435 1822 2493 di·

1022 2530 1092 2585 mitti
1105 2523 1230 2601 petiisse;
1245 2544 1307 2584 eum
1317 2543 1402 2598 uero,
1416 2529 1461 2600 qul
1475 2530 1581 2586 occisus
1594 2529 1627 2585 ad
1642 2527 1821 2600 rituntredu·

1017 2621 1112 2697 ¹celsas,
1125 2621 1254 2678 noluisse.
1275 2620 1316 2678 Nc
1332 2636 1398 2678 reru
1410 2621 1509 2678 iterum
1524 2621 1666 2679 dicerent:
1678 2621 1822 2692 Qrtonmde

1024 2729 1094 2773 uutrc
1111 2715 1253 2787 glorillctt,
1268 2716 1314 2787 qui
1331 2725 1395 2772 tttuc
1407 2731 1461 2772 nort
1475 2715 1594 2788 adjuta-it?
1606 2716 1822 2788 adducuntpro·

1024 2808 1119 2881 plretas
1140 2807 1332 2878 testificantes,
1346 2809 1386 2864 sic
1397 2809 1550 2880 oportuisse
1566 2807 1635 2865 lieri.
1662 2810 1773 2876 Deinde,
1787 2825 1822 2866 ne

1022 2909 1151 2973 putarent
1163 2900 1209 2956 liei
1219 2901 1399 2957 mtrnumiatu
1409 2901 1528 2971 ipsorum
1536 2903 1737 2959 exeusationem
1748 2919 1820 2970 esse,

1024 2993 1099 3064 prins
1113 2991 1175 3048 illos
1190 2992 1355 3064 perstringit.
1376 2991 1499 3063 El‚t1uttd
1526 2993 1553 3050 iu
1574 2973 1719 3066 conspect'u
1743 2993 1821 3052 Pilati

1025 3095 1167 3154 negassent
1183 3085 1242 3140 lere
1256 3099 1309 3139 nrm
1328 3093 1406 3150 erat,
1421 3097 1482 3159 curu
1497 3085 1554 3156 lpse
1567 3085 1648 3143 uellet
1661 3086 1797 3144 dimittere
1812 3104 1820 3142 ε

1022 3180 1149 3249 quorlque
1171 3177 1197 3233 id
1220 3192 1318 3250 negare
1341 3194 1394 3232 nou
1412 3190 1535 3251 possent,
1552 3181 1682 3251 arguebat
1696 3181 1728 3245 is,
1740 3196 1819 3253 quern
1863 3224 1867 3231 .

1023 3286 1074 3342 pro
1084 3269 1283 3359 illgpeliemut.
1299 3270 1337 3325 ltu
1346 3269 1398 3326 ltoc
1408 3286 1514 3343 queque
1526 3285 1565 3327 cxv
1574 3285 1670 3344 tnagna
1681 3270 1822 3343 dispensa·

1022 3362 1821 3437 tieneluctum.lliclmpudentiatupetulantiamqueillorum

1022 3456 1159 3523 ostendlt;
1173 3470 1207 3511 eo
1221 3456 1292 3526 qued
1306 3456 1415 3528 gentilis
1427 3456 1474 3528 qui
1490 3466 1552 3513 tuuc
1567 3457 1683 3527 primum
1694 3456 1768 3515 illum
1781 3458 1821 3513 ri·

170 3550 239 3604 nrrtel
253 3558 276 3603 et
290 3550 422 3619 deinceps,
433 3550 478 3619 put'
492 3548 591 3619 loquuti
601 3557 677 3614 sunt,
690 3549 904 3601 ennuntinrerunt
915 3546 970 3602 dies
1021 3550 1071 3615 dit,
1087 3549 1173 3619 ipsum
1186 3548 1302 3605 liberare
1314 3549 1438 3616 voluerit,
1449 3549 1512 3606 licet
1527 3547 1592 3606 nihil
1607 3551 1695 3621 magari
1705 3550 1821 3607 audiris·

170 3644 242 3697 istus.
257 3640 306 3697 llic
317 3654 390 3696 rrcte
403 3640 513 3695 esitium
525 3639 622 3710 posuit.
635 3638 749 3707 Quando
758 3639 829 3693 etaim
843 3653 969 3708 magnum
1020 3651 1079 3708 set;
1095 3642 1204 3699 illinere
1217 3643 1286 3698 inter
1296 3644 1371 3715 sigua
1381 3643 1492 3701 enutriti
1503 3652 1596 3699 eontra
1607 3643 1730 3705 iecerint.
1743 3644 1821 3715 Quod

171 3734 305 3805 qutitlptam
320 3734 402 3801 dicit,
417 3727 458 3789 ad
471 3734 575 3804 priores
587 3731 726 3803 eculagit,
742 3742 770 3788 et
785 3733 968 3787 testinnonium
1020 3749 1086 3791 nero
1098 3734 1143 3789 ille
1151 3734 1368 3805 justejudiearet
1379 3733 1565 3791 dimittendum
1578 3750 1707 3798 esseuec
1717 3736 1750 3791 ad
1760 3752 1821 3807 gra·

171 3814 270 3897 roperi't
293 3836 406 3898 utraque
425 3826 630 3899 coruplectcns;
651 3834 681 3880 ut
701 3823 756 3880 illic
774 3824 842 3880 dixit
858 3841 866 3879 ε
881 3822 969 3879 nanee
1021 3824 1312 3891 tiamidlaoerct,audi
1325 3826 1484 3896 ipsnrualilri
1500 3825 1716 3898 (linunffld.
1735 3825 1820 3883 ilaec.

171 3928 249 3989 perun
260 3918 375 3972 inimicos
387 3916 434 3972 sui
448 3916 525 3987 pedes
539 3925 597 3971 tues
611 3914 698 3981 (Psoi.
713 3914 775 3971 tou.
786 3914 825 3984 Ξ).
839 3913 969 3985 Quodque
1021 3917 1066 3973 ta.
1081 3914 1114 3990 6)
1142 3918 1277 3973 dicentem
1302 3933 1309 3969 ι
1331 3916 1378 3973 Est
1397 3916 1565 3973 consuetudo
1589 3918 1666 3973 rolris
1681 3918 1820 3975 dunittere

170 4014 267 4069 tuirum
281 4022 334 4075 est,
349 4012 406 4067 laec
418 4011 472 4067 duo
485 4011 577 4079 simul,
591 4010 731 4081 sultjectlu.
748 4010 932 4081 uraeraricstio
941 4019 969 4065 et
1019 4009 1269 4082 uuutuqncmdem:
1283 4006 1434 4079 i'trltiserpo
1447 4010 1514 4064 ltttnc
1526 4008 1651 4063 dimittunt
1660 4009 1751 4065 uelis?
1769 4008 1819 4065 Vos

170 4120 260 4175 poenu.
276 4102 416 4174 Turtntpumn
428 4120 478 4169 sne,
490 4103 586 4173 iuquit.
598 4102 667 4171 Quid
679 4116 745 4172 ergo
758 4100 967 4157 miratdutiiiri.
1020 4116 1106 4160 eutem
1125 4113 1242 4159 sunctum
1261 4111 1285 4157 et
1293 4103 1393 4174 justum
1415 4102 1548 4172 emostis.
1569 4100 1627 4157 Non
1648 4101 1731 4167 dixit,
1752 4101 1819 4158 Tre·

174 4195 226 4251 Vos
245 4196 304 4250 eun
324 4194 374 4263 put
395 4196 589 4266 propterera.
611 4193 702 4264 traque
723 4193 800 4249 voute
822 4192 968 4259 dicebam.-
1020 4196 1139 4261 cittene
1153 4196 1200 4253 seu
1215 4194 1324 4265 nutante,
1337 4192 1518 4265 deptaretur
1533 4191 1619 4267 [trare.
1633 4191 1678 4251 sn
1691 4194 1763 4250 entra
1776 4192 1817 4250 ct-

171 4302 282 4362 propter
294 4304 343 4345 roe
354 4289 442 4343 outrria
455 4287 523 4343 lucta
537 4302 608 4345 esse.
621 4288 688 4356 Quia
700 4288 772 4342 enim
785 4295 896 4360 propter
909 4300 969 4342 scc-
1020 4288 1118 4345 cenant
1132 4284 1160 4360 r]
1175 4284 1235 4340 Neu
1251 4284 1370 4340 inienuus
1383 4284 1522 4357 repromisi
1533 4285 1658 4340 l'temrem
1667 4283 1758 4360 (luen.
1771 4288 1817 4344 tu.
1911 4282 1913 4292 ’

170 4385 213 4438 lus
227 4382 353 4453 pntalraut
368 4396 398 4436 ee
410 4380 576 4436 abalienatus
589 4394 649 4434 esse
663 4379 777 4435 :etenim
790 4378 886 4433 rationi
899 4391 967 4433 con·
1021 4380 1057 4435 te
1067 4381 1087 4449 l.
1110 4378 1165 4434 liec
1185 4376 1265 4443 dixit,
1279 4377 1337 4433 Nou
1348 4376 1464 4447 petiistis
1477 4376 1658 4448 insculpatuut3
1674 4394 1762 4446 troque
1773 4394 1820 4437 rte·

170 4486 328 4532 sentanentu
344 4490 397 4529 non
408 4482 450 4528 est
462 4472 587 4529 eumdem
601 4470 681 4526 modo
690 4470 819 4541 orruillgi,
831 4486 893 4526 mus
903 4484 968 4527 snos
1020 4472 1104 4544 gustis
1117 4470 1221 4538 solutu,
1237 4470 1284 4525 sed
1299 4471 1381 4525 etiam
1393 4468 1538 4525 occidistis.
1561 4470 1675 4540 Quatrdo
1687 4472 1818 4531 excursu

171 4583 266 4626 entrare
277 4585 286 4631 ς
299 4577 327 4622 et
338 4567 389 4622 lroc
401 4577 429 4620 et
443 4565 508 4620 illud
522 4563 621 4620 lactum
635 4578 684 4633 per
698 4560 864 4632 prophetiam
876 4572 968 4617 osten·
1020 4573 1116 4629 eruunt,
1133 4561 1198 4617 rrilril
1212 4563 1265 4618 tale
1276 4560 1364 4617 dixit:
1378 4576 1438 4616 cunt
1453 4574 1542 4617 autern
1556 4576 1651 4619 eornm
1664 4563 1748 4619 attitni
1761 4556 1820 4619 utass

172 4658 221 4712 dit.
241 4655 293 4713 tos
303 4659 379 4724 estis,
391 4657 495 4728 inquit,
512 4655 561 4725 tilii
575 4654 756 4726 propineturum
771 4662 795 4707 et
809 4656 967 4720 testamenti,
1020 4659 1063 4730 gis
1075 4666 1151 4712 crunt
1161 4655 1287 4726 exagitati
1298 4697 1306 4719 ,
1318 4664 1382 4711 tuuc
1393 4655 1482 4711 aer-tus
1496 4656 1670 4728 perstringit,
1681 4672 1743 4714 etun
1756 4672 1819 4715 een·

171 4750 239 4821 qttod
251 4750 375 4821 disposuit
390 4748 458 4806 Dens
471 4750 505 4801 ud
522 4756 606 4819 putres
619 4756 725 4812 oestrus,
742 4746 827 4800 dicens
840 4745 875 4799 nd
887 4746 969 4802 tirt-
1022 4751 1072 4805 tire
1085 4759 1219 4820 poteraut.
1234 4746 1466 4815 Quemadmodum
1479 4759 1506 4803 et
1517 4764 1567 4805 uus
1577 4750 1660 4805 curiis
1672 4748 1740 4806 ttiltil
1753 4750 1819 4807 dici·

173 4840 253 4895 lsum:
268 4839 300 4895 Et
313 4842 340 4895 in
350 4842 446 4895 sentim
460 4850 503 4895 tuo
513 4838 692 4894 iettedieentur
704 4853 790 4893 ertrnes
801 4838 907 4907 lumiliter
919 4848 969 4894 ter·
1022 4860 1098 4927 raus,
1114 4858 1174 4898 cum
1188 4852 1280 4898 autem
1290 4840 1422 4898 ebrictate
1435 4841 1538 4897 sublata
1551 4842 1646 4913 uigiles
1659 4853 1741 4907 stant,
1756 4853 1820 4903 tuuc

173 4944 211 4987 rte
225 4931 308 5002 (Gen.
325 4934 370 4990 li.
387 4936 434 5005 5).
455 4933 501 4990 26.
528 4931 603 4989 Veiis
625 4934 751 5005 primum,
772 4932 878 5002 ittqult,
899 4930 970 4989 Beue
1022 4933 1225 5007 car‘pimttsrita
1248 4941 1276 4989 cl
1299 4932 1410 5001 Petrus,
1430 4948 1491 4989 curn
1511 4934 1662 5005 intelligere
1684 4944 1819 5005 poterant,

120 5044 124 5051 ·
174 5025 300 5081 utentum
313 5024 410 5080 Filium
422 5044 507 5094 sunm,
521 5028 599 5082 misit.
614 5024 711 5097 Utique
724 5034 752 5081 et
764 5024 845 5091 aliie;
859 5024 908 5082 sed
920 5040 969 5081 ro·
1024 5043 1088 5087 tuuc
1116 5030 1234 5100 linguam
1259 5026 1347 5095 acuit,
1372 5028 1528 5099 sceleraque
1552 5028 1634 5084 nrulta
1657 5037 1819 5095 euutnerata

175 5116 217 5172 lais
233 5117 364 5189 prituutn,
378 5118 423 5187 qui
436 5118 617 5175 crucillsistis.
638 5116 831 5173 Benediceutem
844 5118 931 5185 solis,·
942 5127 971 5172 ut
1025 5135 1133 5192 nempe,
1144 5119 1216 5191 qttod
1230 5133 1303 5184 eutn,
1314 5134 1394 5189 quem
1407 5116 1479 5173 licus
1490 5117 1661 5189 glorillcarit,
1673 5118 1723 5188 ipsi
1738 5118 1822 5175 tradi·

175 5213 517 5283 concertatseunustpuitqrte
529 5230 545 5266 u
557 5212 736 5284 nequitiarum
748 5212 814 5280 Qus
826 5212 894 5267 lecta
907 5220 972 5268 suut
1024 5214 1130 5277 deriut;
1152 5210 1223 5282 qnod
1245 5224 1325 5282 qrtent
1349 5208 1450 5266 Pilutus
1472 5210 1605 5274 absoluit,
1625 5210 1652 5264 in
1673 5218 1822 5280 conspectu

176 5308 327 5365 econtratius
347 5315 512 5376 repetamus.
531 5305 653 5362 Suadere
674 5316 804 5371 conatur,
825 5320 879 5360 nou
898 5306 971 5374 ipsos
1024 5304 1109 5376 ipsius
1122 5303 1295 5375 negarmiat3
1309 5302 1380 5374 tpttod
1395 5303 1524 5357 latronem
1537 5301 1712 5371 praetulerint.

177 5400 336 5458 miraculum
357 5398 472 5464 iecisse,
486 5412 549 5455 cum
561 5397 643 5461 diets,
663 5397 731 5467 Quid
751 5396 899 5451 retinemini?
917 5390 973 5453 Nec
1060 5399 1089 5453 a.
1103 5396 1170 5453 vide
1181 5411 1297 5464 rursum,
1308 5394 1444 5467 qttotnodo
1455 5394 1559 5450 emanire
1572 5392 1606 5448 de
1617 5394 1735 5464 mimda
1749 5394 1821 5453 ttltus

159 5488 162 5493 ’
177 5493 308 5564 permittit
322 5487 351 5547 iu
365 5492 437 5547 dicto
451 5488 519 5545 ntes
533 5503 585 5545 nou
603 5487 744 5545 habeatur.
764 5490 852 5559 Atque
864 5497 893 5543 ut
906 5487 972 5545 illud
1024 5492 1158 5563 lotprtatur,
1170 5488 1241 5561 quod
1252 5490 1371 5559 seiprsmn
1383 5486 1561 5553 suscitaverit,
1573 5494 1602 5542 ut
1616 5488 1643 5543 itt
1658 5488 1739 5558 puriori
1753 5502 1821 5545 cou-

179 5588 230 5643 tltle
248 5586 355 5656 dzgttius
376 5584 517 5648 redderet,
538 5581 644 5638 illorum
665 5580 795 5651 judicium
817 5582 970 5651 properus,
1022 5582 1218 5645 ,ciutredicebut
1232 5580 1331 5635 :lueto
1343 5581 1411 5635 ruod
1421 5579 1577 5651 impossibile
1589 5586 1644 5633 erut
1656 5580 1735 5635 tenui
1747 5580 1820 5636 illuns

177 5677 293 5735 diceus:
310 5675 381 5745 Quid
393 5690 439 5731 tros
453 5673 602 5741 intuemini,
616 5672 689 5739 pensi
703 5670 812 5743 proprie
827 5671 919 5727 uirtme
933 5672 972 5726 rel
1026 5682 1057 5733 nt
1070 5694 1099 5731 eo
1113 5676 1183 5746 (det.
1193 5673 1220 5729 ι.
1234 5674 1298 5746 2i)3
1309 5679 1337 5729 et
1349 5674 1401 5738 tric,
1411 5674 1554 5739 Auctorem,
1566 5670 1818 5744 inquirerentur·

178 5766 271 5840 pietate
280 5767 433 5841 femmas?
442 5764 471 5823 Si
485 5764 537 5821 lroc
549 5778 598 5821 ros
612 5770 697 5819 terret
708 5769 737 5818 et
749 5761 849 5828 turlsst,
864 5760 971 5827 discite,

179 5862 238 5935 utris
256 5858 369 5927 lecerit,
383 5870 410 5915 et
429 5874 463 5914 ne
478 5856 668 5927 obstupescite.
681 5852 717 5909 Et
730 5854 781 5908 truc
795 5852 894 5924 cuique
907 5867 971 5923 per-
1054 5856 1097 5921 tu)
1112 5852 1622 5915 meaaetntsumoarmrueuuuuus
1630 5846 1728 5905 uuus.
1819 5912 1820 5915 Ἴ
