4084 6350
178 291 234 351 §lb
586 221 593 237 ‘
660 286 694 341 m
713 286 804 343 ACTA
824 283 1088 342 apostoloruum:
1107 286 1220 345 tlotttt.
1241 286 1338 345 XXIX.
1770 292 1821 351 ili

178 408 433 479 manoperam
447 406 537 478 potius
547 419 618 471 ama,
633 418 693 475 quae
703 418 718 457 a
730 403 787 459 beo
798 401 889 458 eaesi
903 401 975 458 illam
1029 401 1138 461 iltiuram
1163 404 1273 469 uellent,
1298 416 1325 461 et
1349 407 1439 463 statim
1461 407 1529 465 bona
1551 407 1712 478 perlicerent
1728 428 1735 465 :
1750 424 1820 468 nune

177 517 272 561 amans
286 502 357 557 bane
369 514 492 571 spernas,
504 498 573 554 bano
585 496 689 553 ridebis
701 496 845 567 iquobilem
859 510 970 566 :quam
1023 511 1089 552 vero
1107 498 1174 555 nibil
1195 498 1347 569 hujusmodi
1370 499 1480 558 iaciunt.
1503 501 1578 571 Quia,
1599 517 1702 573 quasso,
1713 503 1815 574 justum

176 596 223 655 tliu
239 595 323 661 illam,
346 591 648 664 quaestionesque·
672 588 782 655 uideris,
801 602 888 658 neque
903 590 971 645 bauo
1022 596 1051 644 et
1070 598 1174 645 rectum
1197 605 1268 646 urano
1291 591 1403 648 laudati
1422 591 1591 651 Contrarium
1615 602 1690 653 oerte
1699 595 1815 665 accidit.

174 688 291 754 ridebis,
307 702 387 760 quam
408 685 493 756 turpia
511 700 608 755 nempe
627 684 672 749 sit,
687 699 768 755 quam
789 682 915 739 ridicula.
935 681 971 738 tu
1002 682 1091 762 Quid
1105 683 1318 756 iriqidiuajusto,
1339 686 1362 741 si
1381 686 1616 758 preclarumquirl
1631 702 1724 758 agetis,
1739 687 1817 775 ‘vulgi

175 772 248 839 euim
263 779 313 852 qui
331 778 419 844 mala,
433 776 562 834 deformis
584 775 723 849 ltedaeque
737 774 859 831 mulieris
878 789 970 830 amore
1020 778 1135 851 gloriam
1160 780 1289 850 expetat?
1301 778 1358 835 liae
1379 778 1451 837 'euim
1477 782 1540 853 aqu,
1556 796 1593 839 aa,
1609 780 1631 836 si
1654 780 1716 853 quis
1730 782 1817 851 pictor

93 882 100 887 '
175 874 247 947 eapti
258 880 332 938 sunt,
345 872 434 929 tlonee
447 871 519 927 illum
535 877 637 936 amant,
653 885 706 925 non
721 879 833 937 possunt
848 867 906 939 ejus
919 866 970 924 de·
1019 872 1139 941 optimus
1163 872 1234 942 regis
1257 872 1399 943 imaginem
1420 874 1541 943 pingens,
1563 872 1749 944 imperitorum
1759 874 1819 931 lau·

174 961 338 1034 lormitatem
350 970 454 1037 ritlere,
471 968 569 1025 alleato
581 961 711 1039 iodicium
734 964 895 1021 obscurante
910 981 918 1016 ι
932 962 969 1017 ita
1020 962 1069 1019 des
1088 962 1213 1035 excipiat.
1232 962 1356 1030 Alioquin
1374 973 1463 1019 autom
1483 965 1530 1036 qui
1550 965 1693 1021 humanam
1715 976 1819 1036 speetat

173 1076 203 1125 et
215 1068 260 1123 bie
272 1063 401 1138 quamdiu
414 1063 512 1121 alieotu
530 1062 695 1128 detinemur,
708 1073 820 1115 eernere
837 1071 890 1111 uon
904 1070 968 1127 poa·
1019 1056 1152 1126 gloriam,
1177 1072 1192 1111 a
1220 1055 1348 1111 virtutum
1375 1057 1502 1121 exercitio
1524 1057 1578 1113 cito
1602 1056 1723 1115 desistet.
1750 1058 1816 1116 Nom

173 1167 410 1229 sumusquantnm
424 1155 580 1212 sitmalum.
599 1150 828 1223 Quouuorlo'erqo,
851 1148 966 1220 inquies,
1020 1148 1044 1205 si
1068 1148 1101 1203 aul
1126 1148 1219 1205 laudes
1237 1148 1344 1205 illorum
1369 1150 1464 1215 iubiet,
1491 1150 1549 1205 bueo
1570 1150 1648 1207 iaeiet
1670 1154 1817 1225 quaeipsis

171 1252 208 1308 ab
219 1265 253 1308 eo
266 1247 461 1307 liberabimur?
474 1244 568 1319 Corin
587 1260 649 1312 eos,
663 1244 709 1315 qui
723 1244 878 1299 innumeras
901 1256 968 1313 opes
1020 1240 1174 1311 placebunt,
1190 1257 1243 1298 nou
1257 1258 1317 1313 quaa
1331 1242 1393 1299 sibi.
1407 1242 1484 1313 Quod
1498 1259 1562 1315 ergo
1572 1244 1628 1316 jam
1640 1245 1718 1301 robis
1728 1248 1817 1303 roasi·

171 1348 384 1416 insumpserunt,
398 1340 505 1398 etmihi!
523 1340 586 1396 hino
602 1339 705 1395 fruetus
724 1339 842 1396 tulerunt
858 1358 866 1397 ς
880 1341 968 1411 cogita
1019 1332 1085 1387 lium
1101 1332 1245 1390 dederint?
1261 1334 1317 1392 Deo
1329 1336 1448 1390 animum
1463 1334 1603 1404 adhibere,
1625 1336 1690 1394 Salis
1704 1336 1815 1411 habete,

170 1449 303 1504 mortuos,
318 1435 363 1509 qui
377 1444 478 1494 tautam
499 1428 802 1505 atleptisuntqloriam,¹
822 1432 869 1489 sed
885 1435 968 1489 insta·
1019 1431 1042 1487 si
1055 1432 1196 1489 laudemur
1209 1432 1243 1486 ab
1257 1432 1313 1497 illo,
1329 1432 1418 1487 omniu
1431 1432 1479 1503 ipsi
1494 1432 1589 1501 plaeim
1601 1432 1701 1503 lucere,
1710 1444 1737 1492 et
1747 1436 1816 1495 buna

169 1534 264 1601 bilem,
282 1546 344 1603 quaa
365 1530 446 1601 periit
460 1537 488 1587 et
499 1528 609 1586 euanuit
622 1546 629 1584 ι
642 1529 729 1601 oopita
742 1544 842 1584 nornen
863 1537 966 1584 tantum
996 1513 1000 1520 ⁴
1018 1525 1136 1594 operari.
1157 1524 1191 1579 arl
1207 1524 1307 1579 nullam
1322 1540 1412 1580 rerum
1426 1523 1604 1581 lmmouarum
1620 1526 1745 1585 initiarer
1760 1528 1813 1585 lton

169 1640 242 1692 ease,
256 1638 312 1681 non
326 1637 396 1679 rem.
409 1621 477 1679 Nam
490 1621 554 1693 qnid
566 1630 608 1679 est
620 1621 716 1693 ploria,
729 1622 841 1692 tqrraeso?
856 1622 889 1676 da
900 1620 967 1677 delt-
1018 1620 1088 1674 euim
1102 1626 1129 1673 et
1148 1617 1277 1688 jejunium
1290 1627 1318 1674 et
1333 1621 1482 1674 orationum
1497 1629 1524 1675 et
1538 1620 1735 1694 eleemosynam
1749 1639 1814 1695 pes-

168 1717 298 1773 nitionem
312 1715 442 1786 aliquam.
457 1712 535 1784 apuu
546 1728 641 1769 omnes
652 1712 823 1769 adnuimtioni
839 1728 910 1781 ease,
925 1715 966 1768 iu·
1017 1710 1134 1776 sumdat,
1149 1719 1230 1780 atque
1250 1710 1340 1765 aurula
1356 1718 1447 1765 nostra
1461 1709 1531 1767 bona
1545 1722 1670 1770 euaeuat.
1688 1713 1764 1783 Quod
1780 1731 1815 1771 ne

167 1810 255 1881 quies.
271 1808 314 1863 An
325 1806 399 1878 jure,
410 1821 446 1864 att
461 1805 579 1876 iniuria?
601 1804 631 1863 Si
644 1804 752 1876 injuria,
767 1806 886 1861 nouerit
900 1804 965 1860 illoti
985 1826 990 1835 ·
1017 1802 1162 1872 pellamur,
1185 1800 1317 1873 fugiamus
1332 1802 1383 1859 imo
1397 1803 1503 1859 vitium.
1516 1804 1605 1861 Unum
1626 1806 1713 1863 solum
1727 1810 1815 1882 respi-

166 1900 319 1965 mutuatio,
333 1898 381 1957 sed
394 1878 541 1971 aaapsatio,
557 1896 686 1965 aulularia,
705 1896 838 1953 aaluumia
853 1912 860 1951 :
876 1897 899 1951 si
914 1911 963 1952 au·
1016 1898 1130 1962 siamus,
1157 1894 1293 1951 laudema
1310 1896 1375 1965 lieo,
1396 1896 1467 1952 illius
1489 1899 1723 1969 approbationem.
1739 1914 1814 1959 eom·

167 2004 223 2050 tem
242 1992 313 2061 inre,
338 1990 365 2046 id
387 1990 516 2061 possibile
537 2005 592 2046 nou
614 1998 675 2055 est;
692 1990 787 2059 vulqus
802 1989 873 2044 enim
888 1997 963 2044 reato
1017 1989 1160 2060 mutuisque
1184 1988 1289 2046 bomini
1310 1990 1570 2049 commendationem
1590 2012 1597 2049 a
1619 2004 1650 2053 tut
1668 1994 1721 2050 rita
1744 2008 1815 2067 pra·

168 2096 242 2143 wel
254 2084 365 2156 judicil).
379 2092 407 2139 0⁸
421 2083 482 2140 5¹¹oe
495 2084 618 2148 ιιιῑιιιιιι,
632 2084 677 2153 qui
691 2064 748 2137 s⁴uis
760 2082 882 2139 serviunt
894 2097 962 2138 onn-
1014 2093 1092 2141 sente
1116 2089 1143 2141 iu
1172 2084 1271 2141 uirtute
1298 2094 1453 2151 transacta,
1481 2086 1623 2157 promissis
1647 2088 1726 2145 bouis
1752 2104 1813 2146 eam

165 2178 346 2250 eupiaoeutiis.
368 2176 403 2233 Et
420 2176 444 2231 si
467 2177 558 2243 uultis,
579 2176 639 2234 illos
666 2174 807 2241 attendite,
831 2174 877 2245 qui
899 2188 959 2228 me·
1014 2176 1189 2249 diligentibus
1204 2192 1266 2233 eum
1281 2176 1427 2247 potiamur,
1443 2178 1568 2249 qratiaet
1582 2180 1813 2255 intimaturum.

164 2274 306 2331 retricibus
327 2272 419 2330 omnia
443 2285 493 2329 sua
518 2271 670 2338 dedemnt,
698 2270 743 2341 qui
767 2266 887 2340 aurigis,
913 2266 958 2339 qui
1013 2270 1080 2325 mini
1101 2268 1184 2325 nostri
1200 2267 1263 2323 Jeau
1286 2266 1397 2339 Christi,
1428 2270 1536 2342 quicum
1560 2269 1634 2328 Patri
1655 2280 1683 2328 et
1703 2270 1813 2345 Spiritui

162 2371 347 2429 saltatoribus.
376 2370 412 2427 at
434 2384 489 2425 uou
511 2368 579 2434 bos,
606 2366 722 2436 inquies,
749 2364 882 2430 diaimus;
912 2361 960 2417 aeti
1012 2371 1108 2417 saneto
1122 2360 1219 2432 gloria,
1234 2360 1387 2431 imperium,
1410 2362 1508 2429 bonor,
1530 2379 1601 2422 nuno
1614 2374 1770 2440 etaemper,
1786 2380 1814 2427 et

163 2464 261 2535 iustas,
285 2472 387 2529 reatus,
402 2463 450 2535 qui
469 2474 565 2533 magna
588 2468 703 2531 possum
724 2465 855 2529 praestare
876 2454 960 2509 bona.
1014 2452 1043 2509 iu
1056 2452 1155 2509 secula
1169 2453 1341 2510 saeculorum.
1358 2456 1454 2512 Arnen.

165 2590 1805 2628 *mua-*m

846 2669 1020 2733 nomilia
1041 2670 1164 2734 XXIX.

163 2823 228 2883 Car.
242 2826 287 2883 lb.
302 2840 329 2879 v.
346 2823 391 2881 lb.
406 2822 522 2895 Sarqenr
535 2831 621 2877 atatem
633 2816 747 2883 Paulas,
762 2828 785 2873 et
799 2815 962 2872 mmanieu·
1012 2831 1071 2870 ram
1083 2825 1182 2886 tempas
1205 2832 1286 2872 morea
1306 2832 1394 2872 eornm
1413 2820 1534 2875 sustinuit
1547 2822 1574 2877 in
1592 2822 1700 2878 aerato.
1713 2822 1813 2879 Deinde

199 2917 400 2983 titurtiutiiceus,
415 2915 480 2970 dixit
498 2930 508 2983 ,ζ
523 2911 580 2967 Viri
600 2909 739 2975 israelitae,
764 2918 788 2963 ιι
811 2910 855 2979 qai
870 2908 961 2964 timeae
1015 2908 1210 2966 habitationem
1237 2922 1316 2967 terme
1340 2912 1405 2969 dieit
1421 2932 1427 2969 :
1444 2914 1489 2970 ta.
1515 2914 1549 2969 lia
1575 2918 1706 2973 destruent
1728 2928 1834 3009 qeuter¹

197 3012 293 3077 Dmm,
314 3007 409 3064 audite.
431 3006 476 3062 l'l.
498 3004 571 3061 Deua
594 3004 673 3077 piebis
694 3004 774 3073 injur
786 3002 862 3072 clepit
877 3010 961 3072 patrea
1013 3012 1109 3075 reptem
1123 3004 1149 3057 iu
1166 3015 1233 3059 terra
1243 3002 1378 3075 Cboaaau,
1394 3016 1463 3065 rorte
1476 3010 1603 3066 distribuit
1616 3012 1653 3067 eia
1665 3023 1758 3067 turam
1771 3028 1812 3067 eo·

198 3115 308 3171 noatroa,
332 3112 356 3159 et
379 3101 477 3173 plebem
490 3101 622 3166 maaria,
644 3115 702 3153 aaut
715 3108 796 3153 errem
811 3088 922 3151 adorno
934 3096 967 3149 ia·
1014 3109 1082 3148 ruat.
1096 3094 1129 3149 m
1140 3097 1253 3152 multum
1264 3098 1415 3155 intercessit
1427 3110 1541 3171 tempus,
1555 3103 1827 3176 quadringentorum*

200 3195 399 3269 rerraAEqqpti,
410 3205 434 3251 ιι
444 3211 504 3250 mot
514 3191 724 3250 broaitt‘oeaaelao
731 3190 965 3272 eouaiteoaoaeu..
1014 3198 1043 3245 et
1056 3191 1247 3262 quinquaqinta
1261 3207 1404 3250 annorum.
1419 3193 1465 3250 ιθ.
1481 3193 1517 3250 Et
1530 3199 1604 3268 quasi
1619 3207 1675 3267 port
1688 3197 1809 3268 quadria-

201 3290 228 3346 l.
242 3287 309 3346 vioe
322 3286 473 3344 Barnabam
487 3286 629 3342 cedentem
641 3283 735 3348 Paulo,
749 3291 779 3336 ut
790 3290 819 3337 et
829 3280 960 3336 loannem
1014 3291 1102 3354 pentat
1117 3290 1139 3337 et
1152 3286 1336 3357 quinquaqinta
1354 3303 1436 3342 anaor
1457 3288 1527 3343 uerit
1549 3289 1585 3344 aia
1594 3289 1707 3361 judices,
1733 3307 1812 3362 usqae

165 3381 262 3453 ubique
274 3381 368 3438 Petro.
389 3378 600 3436 illeduxiteum
614 3392 649 3434 ex
663 3376 794 3432 Dantaseo
808 3373 902 3445 :atqui
915 3387 962 3427 re·
1014 3375 1049 3430 ad
1064 3375 1209 3432 Samuelem
1224 3381 1384 3449 proplietam.
1409 3381 1459 3438 ilic
1480 3383 1600 3440 osteudit
1624 3385 1711 3456 ipsum
1736 3388 1812 3443 uarie
1874 3383 1877 3392 “

163 3474 308 3532 nembilior
328 3482 405 3540 erat;
429 3471 478 3530 aeti
497 3471 531 3527 atl
550 3484 719 3526 communem
734 3467 876 3524 utilitatem
899 3481 961 3536 spe·
1014 3468 1813 3548 prouidisserebusillorum.21.Etraiurieportaiueeruut

163 3569 282 3627 otabattt.
305 3566 339 3624 tu
360 3583 477 3638 aarqeaa,
503 3565 599 3638 iuquit,
614 3573 639 3618 et
650 3579 729 3618 arana
748 3560 877 3617 silentium
888 3557 960 3614 iadi-

163 3678 232 3717 aeas.
246 3661 303 3717 llos
316 3659 360 3716 bio
373 3659 475 3715 ludaris
496 3667 556 3714 erat
570 3674 578 3712 ε
591 3657 653 3713 ideo
666 3655 707 3712 sio
721 3654 782 3709 illos
802 3653 959 3722 alloquitur.

163 3757 231 3813 i'ide
243 3755 378 3828 quomodo
390 3751 509 3810 sermoni
522 3752 593 3809 uiam
604 3760 680 3822 paret
694 3766 702 3807 :
715 3751 803 3822 prium
815 3749 887 3807 euim
901 3749 960 3804 lau·

163 3851 231 3906 daus
245 3849 317 3916 ullos,
332 3860 509 3917 magnamque
519 3846 664 3902 ostendeus
678 3858 743 3915 erpa
760 3843 833 3914 ipsos
855 3856 958 3908 earam,

163 3958 213 4015 per
224 3942 297 4014 quau
311 3941 387 4008 dicit,
401 3939 453 4007 Qui
467 3937 675 4004 simulationum
690 3939 730 3994 sie
743 3939 851 3996 demum
868 3936 961 4007 incipit

163 4051 327 4095 sermonem.
343 4035 401 4092 Non
413 4035 491 4102 dixit,
505 4034 648 4106 Proselyti,
661 4033 733 4106 qoorl
746 4044 805 4090 erat
819 4032 959 4090 calamita·

163 4131 320 4186 tianomen.
336 4127 406 4183 Deua
419 4126 500 4200 plebia
521 4127 597 4199 irajaa
616 4126 691 4198 eiepit
712 4136 797 4197 patrer
816 4135 917 4180 nostroe
935 4134 959 4178 et

162 4217 297 4296 papalum
313 4220 379 4278 Vitia
391 4218 672 4292 quomodohomiuum
682 4232 854 4274 communem
863 4217 958 4282 Deum,

162 4315 282 4388 ipsorum
301 4314 410 4385 proprie
425 4314 509 4371 berun
531 4312 613 4377 dieat,
637 4321 665 4368 et
685 4308 810 4366 ostendat
829 4307 959 4364 beuelieia

163 4423 261 4480 magua
274 4406 330 4477 iam
353 4406 418 4464 olim
441 4407 507 4478 ipsis
521 4407 630 4473 collata,
655 4405 725 4459 sieut
745 4413 773 4459 et
795 4401 958 4470 Stepbouas.

164 4503 229 4560 llaec
239 4515 330 4559 autem
342 4501 454 4568 iaciunt,
470 4507 499 4555 ut
510 4497 626 4554 dooearu
645 4495 716 4560 illos,
738 4493 809 4566 quod
822 4509 872 4565 pro
885 4509 960 4550 ruore

164 4611 214 4653 auo
227 4609 299 4659 nuno
312 4593 410 4648 Filium
424 4607 502 4648 auum
525 4589 640 4646 miserit.
653 4587 729 4644 Siout
743 4596 770 4642 et
789 4586 912 4642 cbristus
925 4585 959 4643 de

163 4694 242 4746 uinea
254 4686 321 4744 uiuit
333 4684 410 4758 (lua.
426 4684 472 4740 ιθ.
487 4683 544 4757 lt),
557 4685 597 4739 sio
607 4692 634 4739 et
646 4680 691 4738 illa
705 4681 833 4753 loquitur.
846 4677 959 4736 Euaim-

164 4783 199 4836 ιιι
210 4783 236 4837 ia
249 4777 453 4854 praepriaata'oue
465 4778 494 4832 iu
502 4773 630 4848 AEqqpto,
642 4782 666 4828 et
678 4789 735 4828 caut
747 4773 850 4828 braulio
861 4772 960 4828 arelao

165 4873 252 4928 edunt
262 4889 306 4928 aar
316 4887 348 4928 ea
361 4887 400 4928 ea.
417 4870 498 4941 Atqui
511 4867 678 4925 contrarium
691 4865 825 4921 aeciderat
836 4863 895 4940 (αις
911 4863 959 4920 sati

165 4962 335 5036 multitudine
352 4963 424 5018 anati
447 4971 529 5028 sunt;
552 4960 607 5016 imo
633 4968 661 5015 et
690 4956 817 5013 miracula
849 4966 960 5027 propter

166 5056 227 5112 illos
241 5055 311 5111 laeta
331 5065 402 5112 aunt.
421 5055 456 5110 Et
475 5052 614 5124 propbeta
636 5059 789 5106 memorant
803 5049 902 5119 ubique
914 5062 957 5114 ea,

164 5168 226 5225 quae
246 5150 315 5206 laota
335 5157 399 5205 aunt
416 5151 444 5204 in
458 5147 586 5220 AEqypto.
604 5143 722 5209 titulae,
737 5142 873 5214 quomodo
888 5150 958 5195 tem-

164 5259 231 5318 pora
243 5242 427 5301 aelamitatum
440 5249 639 5312 praeterquam,
660 5244 688 5293 et
700 5249 832 5305 nusquam
845 5233 957 5288 oriruiua

165 5337 193 5394 iu
207 5337 326 5394 medium
339 5334 446 5400 allerat,
466 5331 513 5389 sed
528 5332 575 5387 liei
597 5329 800 5402 benignitatem,
815 5326 861 5382 illa
876 5327 958 5382 rolin·

164 5445 251 5506 queas
263 5429 331 5502 ipsis
344 5426 495 5498 eogitarttla.
517 5426 561 5483 lb.
577 5422 611 5478 lit
625 5440 671 5496 per
684 5421 856 5494 quadruplata
873 5435 957 5474 anuo·

195 5612 234 5676 (ι)
251 5609 277 5662 lo
287 5615 339 5685 eat,
351 5611 376 5661 ui
386 5605 540 5692 tallonliens
552 5605 638 5695 eduxit
648 5600 704 5654 illos
715 5615 748 5657 er
759 5603 872 5719 qffipm,
882 5606 911 5650 ut
920 5613 958 5713 qq

164 5800 247 5868 matt.

1014 3576 1108 3632 rupem.
1129 3559 1185 3619 Nee
1204 3573 1336 3621 memomt
1350 3567 1482 3639 iuqratmu
1497 3568 1602 3625 illorum
1618 3571 1747 3639 altimum,
1762 3571 1811 3628 seri

1015 3653 1113 3726 ubique
1130 3655 1175 3712 Dei
1189 3659 1371 3716 clementiam.
1388 3662 1423 3715 Et
1437 3663 1507 3716 dedit
1518 3663 1571 3718 iiiia
1582 3663 1649 3720 Sari!
1658 3663 1741 3735 filium
1754 3664 1808 3734 Cia,

1013 3747 1096 3802 airam
1110 3749 1141 3803 tie
1155 3751 1222 3805 aliu
1243 3750 1389 3823 lieujarrtiu,
1413 3755 1489 3810 amris
1507 3755 1680 3829 quadruplata
1699 3777 1709 3814 .·
1727 3757 1773 3815 22.
1786 3768 1811 3815 et

1013 3851 1099 3895 aurato
1112 3841 1167 3902 itta.
1181 3845 1312 3900 arraoitooit
1325 3846 1362 3900 eir
1377 3843 1462 3900 Dauid
1482 3848 1508 3902 iu
1520 3865 1605 3920 reqaut
1618 3865 1628 3904 .·
1642 3851 1685 3904 cui
1696 3851 1811 3906 testimo-

1013 3936 1085 3987 uium
1096 3935 1239 4004 perbibent,
1249 3937 1314 3994 elisit
1327 3955 1336 3994 .·
1347 3937 1439 3995 lausai
1448 3937 1535 3995 Dauid
1544 3941 1626 4010 filium
1638 3941 1811 4009 terrestrum

1013 4027 1152 4082 secuudum
1165 4044 1210 4083 cor
1223 4047 1315 4096 arearu,
1331 4033 1374 4104 qui
1389 4033 1467 4104 [aciei
1479 4051 1565 4089 ourner
1578 4035 1719 4091 uoluntates
1732 4053 1810 4093 tureos.

1013 4117 1072 4174 Nou
1087 4135 1197 4189 pururuu
1221 4121 1282 4189 lma,
1306 4107 1377 4192 quoti
1399 4141 1432 4181 er
1457 4125 1558 4181 barido
1578 4127 1701 4184 Cirristus
1726 4141 1809 4186 esset.

1014 4208 1116 4264 lieintle
1136 4208 1267 4268 loannem
1290 4213 1393 4270 iurduolt
1416 4215 1616 4286 testificantem,
1632 4219 1726 4276 dioous
1741 4241 1748 4276 ε
1764 4221 1810 4278 25.

1015 4297 1102 4368 Hujus
1116 4299 1185 4355 Deua
1198 4319 1230 4357 ea
1249 4305 1343 4360 semiue
1362 4306 1501 4362 aroarrdum
1514 4311 1707 4380 proutiaaionsut
1720 4313 1808 4370 eduam

1013 4389 1120 4448 israelis
1133 4391 1293 4451 saluatorem
1304 4397 1404 4464 Jeruar,
1418 4398 1464 4456 at.
1479 4399 1811 4472 praetereuntiumque

1013 4484 1105 4554 [aciem
1128 4485 1249 4542 aduentus
1262 4490 1319 4560 ajat
1332 4489 1488 4564 baptismam
1503 4496 1655 4566 poeaiteutioe
1675 4500 1745 4554 amai
1765 4517 1812 4573 po·

1014 4577 1244 4645 praeteream.
1261 4577 1325 4637 Cam
1344 4584 1460 4656 impleret
1478 4596 1562 4642 uatem
1574 4585 1687 4646 Joarraer
1709 4609 1811 4649 carrum

1012 4655 1105 4737 auant,
1120 4669 1217 4728 dicebat
1233 4692 1242 4729 :
1259 4673 1341 4741 Quem
1362 4695 1402 4733 me
1416 4681 1575 4736 arbitramini
1596 4699 1660 4749 esre,
1683 4701 1734 4740 aon
1755 4703 1811 4741 tatu

1013 4777 1060 4832 eqo
1071 4778 1081 4816 :
1093 4763 1137 4818 red
1150 4781 1206 4820 ecce
1215 4769 1281 4821 uenit
1293 4781 1350 4838 port
1364 4787 1414 4840 are,
1429 4773 1503 4844 eujus
1515 4791 1566 4831 aaa
1579 4791 1635 4830 aaut
1646 4777 1740 4850 atquae
1754 4781 1810 4836 cal-

1013 4865 1143 4910 ceamenta
1158 4857 1251 4928 pedam
1270 4861 1377 4916 reluere.
1403 4861 1434 4936 Et
1447 4864 1565 4924 Joauues
1585 4869 1743 4928 testificatur
1757 4887 1810 4929 nou

1013 4945 1183 5016 simpliciter,
1195 4948 1243 5006 sed
1252 4951 1366 5022 gloriam
1376 4969 1393 5009 a
1403 4971 1433 5012 se
1442 4956 1592 5030 depellens,
1602 4963 1705 5019 etiamsi
1715 4979 1810 5022 omnes

1013 5039 1125 5109 gloriam
1151 5043 1200 5112 ipsi
1214 5039 1356 5102 referrent.
1379 5045 1437 5104 Nou
1460 5065 1507 5122 par
1521 5066 1566 5108 res
1578 5062 1621 5109 est
1632 5065 1722 5111 autem
1735 5057 1811 5114 nullo

1013 5133 1094 5190 doute
1114 5136 1255 5207 repellere,
1279 5148 1307 5195 et
1327 5142 1452 5198 omuibus
1478 5144 1656 5204 tribuentibus
1678 5149 1809 5210 bouarem

1013 5225 1138 5295 rejicere,
1162 5243 1249 5299 neque
1270 5230 1437 5301 simpliciter,
1459 5239 1507 5290 setl
1531 5251 1592 5293 aum
1618 5249 1689 5296 tauta
1710 5241 1811 5301 demis·

1013 5317 1099 5373 aione.
1114 5319 1158 5375 ιθ.
1180 5318 1232 5374 Viri
1250 5326 1353 5392 fratrea,
1369 5325 1418 5394 ,iiii
1432 5329 1530 5397 pennis
1549 5332 1668 5400 Abrabae,
1684 5344 1707 5389 et
1726 5339 1771 5410 qai
1783 5340 1810 5394 ia

1013 5411 1082 5464 uobis
1096 5412 1181 5466 rirueut
1200 5411 1293 5480 Deoua,
1308 5416 1378 5470 uobis
1391 5417 1492 5474 verbam
1509 5422 1600 5478 raiatia
1614 5425 1692 5496 liujus
1705 5429 1809 5488 aaaron

1013 5513 1060 5556 eat.
1078 5502 1123 5557 m.
1149 5503 1199 5570 out
1220 5507 1287 5560 eninr
1308 5507 1456 5568 babitabant
1475 5514 1619 5572 Jerusalem
1641 5530 1664 5574 et
1682 5524 1809 5594 participer

1013 5612 1101 5654 eorum
1112 5597 1178 5654 butro
1190 5599 1348 5670 iquorautea,
1360 5614 1382 5658 at
1396 5621 1468 5661 nocer
1480 5589 1673 5684 prophetarum,
1687 5630 1744 5686 qua
1762 5631 1808 5687 prr

1012 5703 1087 5745 ouum
1098 5688 1227 5746 sabbatum
1247 5691 1374 5768 loquutur,
1395 5697 1545 5770 iudicantur,
1559 5702 1806 5774 turrianorum.

1012 5791 1036 5841 et
1050 5782 1147 5841 nullam
1161 5799 1262 5841 tarisum
1277 5789 1363 5848 urartit
1381 5789 1535 5856 iuurulmter
1552 5799 1577 5856 ia
1597 5815 1636 5872 ea,
1652 5799 1808 5876 petimarrto
