4084 6350
265 369 315 426 bat

263 488 386 545 morulis
402 498 516 557 natura,
539 505 599 561 qua
614 490 684 548 uires
705 501 767 545 suas
788 485 924 568 excedunt
933 497 1059 568 concupi·

262 576 342 616 scens
357 570 455 630 prator
469 562 763 623 betratantiionman
775 558 854 613 modo
870 556 934 611 nibil
950 566 1058 625 accipit,

263 631 312 687 seii
328 647 389 702 qum
410 633 525 689 babebat
539 638 647 692 amittit.
663 636 703 689 ilc
725 632 793 714 sieut
813 630 907 685 ocolus
921 627 1060 712 inoderato

261 702 329 757 solis
341 704 416 759 radio
431 702 540 774 laneus,
556 706 655 777 gaudet
666 714 694 761 et
708 704 891 765 illuminatum
912 715 953 753 sin
969 697 1060 752 ιοιιιε-

262 774 301 829 rit
314 774 398 844 ipsius
411 776 505 831 arbem
520 781 671 848 respicere,
686 790 741 831 nou
755 774 836 857 ruodo
847 788 899 827 nou
915 771 1002 852 lucem
1015 782 1061 823 ae·

261 845 348 915 cipit,
374 845 421 903 sed
437 864 517 917 quain
532 849 613 907 babet
626 849 724 905 amittit
745 864 752 900 ι
775 860 816 900 sic
829 842 949 927 niortalis
964 851 1058 894 natura

261 930 322 985 quio
336 918 407 973 vires
419 933 580 989 exsuperant
590 922 701 992 cupiens
712 926 809 989 praeter
821 916 868 970 boi
882 916 1057 977 voluntatem,

261 997 355 1045 niente
369 989 538 1049 obscuratur.
563 994 667 1064 lapsos
679 1001 722 1047 est
744 991 833 1059 itaque
846 986 948 1066 bomo,
973 994 1000 1039 et
1021 984 1060 1067 la·

262 1073 343 1129 psum
356 1062 440 1116 inulta
454 1074 565 1133 sequuta
579 1074 643 1121 sunt
655 1064 764 1118 volnera
775 1059 959 1143 ,idololatria
974 1053 1059 1109 ionit-

261 1131 352 1197 cab'o,
374 1132 556 1200 adulterium,
578 1137 710 1201 avaritia,
730 1141 758 1189 ct
779 1126 1059 1214 iisusionlia..l·.upsus

261 1216 328 1272 ergo
350 1212 392 1258 εει
405 1205 485 1259 borno
504 1207 580 1277 lapsu
602 1222 713 1279 magno.
729 1213 757 1259 ct
769 1203 866 1289 divina
894 1200 970 1254 iaicter
994 1198 1059 1251 clia-

261 1283 395 1330 ractercm
424 1290 472 1345 per
500 1278 631 1335 incuriam
653 1277 768 1348 perdidit
795 1274 994 1357 ².‘¹.⁰!'¹V“'‘¹‘'‘⁸
1021 1276 1059 1323 est

262 1345 335 1398 euim
355 1347 479 1416 juiueutt'r
511 1350 708 1420 insipientibus,
738 1358 761 1406 et
791 1346 881 1402 sriiiilu
900 1345 997 1426 Ι[ιιιιιιι
1017 1348 1058 1422 ρει

260 1411 315 1469 illie
338 1417 347 1487 (
359 1416 432 1471 Prul.
450 1419 495 1475 tt.
508 1421 572 1493 lb).
597 1423 725 1479 Creatnra
751 1434 856 1501 quoque
880 1411 1056 1495 dii·rsa·luit;

282 1500 327 1540 ars
346 1487 449 1543 irenam
463 1494 599 1559 exeossit;
623 1508 686 1563 pars
706 1494 732 1546 iu
748 1492 1017 1571 εειιιιιιιιειιιιιιιειι,Ι
1028 1490 1058 1565 ιιι

260 1500 290 1611 Vi
305 1558 465 1627 praecedenti
480 1562 601 1620 doctrina
616 1566 681 1619 dixi.
697 1563 802 1619 Ιιεοιιεε
814 1574 923 1627 imagini
938 1554 1058 1610 nisidiitti

260 1639 345 1695 sont,
360 1641 499 1699 serpentes
515 1636 691 1697 mordebant,
707 1635 795 1690 omnis
808 1631 947 1713 brutorum
962 1634 1056 1681 natura

260 1708 354 1753 eontra
367 1698 504 1758 dominum
517 1720 594 1761 soum
607 1707 721 1761 larebat.
738 1705 804 1771 Quia
818 1700 923 1784 ridebat
934 1708 1056 1781 creatura

260 1768 349 1837 ipsum
371 1771 457 1842 legem
472 1774 520 1831 lici
535 1778 667 1845 uiolasse,
691 1776 799 1831 uolebat
816 1783 914 1856 etipsa
932 1785 991 1838 epus
1004 1784 1056 1851 iin-

259 1842 369 1908 perium
381 1857 519 1902 excutere.
536 1847 628 1903 Voluit
641 1848 680 1904 sol
695 1863 749 1902 nou
763 1848 828 1902 oriri
844 1851 1055 1921 transgressori,

260 1912 349 1967 voluit
361 1915 422 1969 luna
434 1916 524 1973 radios
537 1934 600 1975 suos
614 1921 770 1985 obscurare,
784 1916 894 1971 uoluere
907 1912 1058 1979 stollaiopi-

259 1980 324 2036 licio
338 2000 390 2040 non
405 1986 512 2055 lucere,
527 1991 638 2046 coluere
651 1991 740 2045 loutcs
754 1988 854 2044 rivulus
867 2000 931 2039 suos
946 1998 1055 2053 negare,

260 2051 334 2107 llurii
344 2055 452 2122 alueos,
468 2069 541 2126 pirata
554 2062 650 2127 liores,
666 2060 781 2131 paradisi
798 2058 961 2125 voluptatem
977 2072 982 2107 :
998 2068 1056 2107 urn-

260 2125 306 2178 nia
322 2126 448 2183 volebant
460 2129 596 2187 lioiniueui
610 2148 709 2203 negare
721 2174 728 2198 ,
738 2132 804 2257 ‘Vm
820 2129 864 2183 ilie
879 2141 956 2181 suom
971 2138 1053 2192 nega·

260 2204 338 2250 verat
361 2196 513 2257 Dominum.
539 2202 619 2270 Scio,
641 2202 736 2275 prolun
758 2218 802 2255 um
824 2208 851 2255 et
869 2196 1055 2252 adumbratum

260 2280 323 2321 esse
334 2283 487 2326 sermonem
499 2315 507 2341 ,
530 2274 578 2330 sed
593 2285 704 2345 propter
717 2272 810 2328 fideles
821 2279 847 2324 et
861 2266 1056 2324 commensales

260 2336 390 2395 Ecclesiae
399 2341 497 2398 divina
508 2344 654 2418 Scriptura
664 2359 742 2401 unsa
754 2351 817 2425 suut
827 2338 1001 2423 erploranila.
1017 2335 1055 2410 (a)

260 2408 377 2466 Scrririt
391 2423 514 2469 creatura
530 2415 649 2483 bomini,
666 2433 719 2474 non
734 2430 810 2485 uuest
823 2414 924 2495 digno,
940 2408 987 2491 seii
999 2408 1055 2463 Deo

259 2478 289 2533 iil
300 2480 430 2549 jubente,
444 2494 475 2539 ut
487 2502 540 2541 noo
550 2490 722 2560 vituperetur,
731 2488 837 2555 imago,
851 2492 955 2537 etiamsi
968 2490 1056 2563 trans-

259 2565 352 2675 ssressa
374 2555 418 2609 sit.
444 2555 522 2611 omni
538 2559 627 2630 itaque
648 2568 770 2615 creatura
784 2554 953 2639 rebellante,
975 2558 1055 2633 jussit

286 2638 334 2678 cus
348 2640 382 2679 ue
397 2624 504 2683 irenum
518 2630 645 2695 solveret,
669 2630 717 2685 sed
736 2628 777 2683 sul
792 2629 881 2681 radius
900 2637 964 2678 sitos
976 2629 1056 2677 ειιιιι-

260 2700 346 2758 teret,
374 2705 444 2754 terra
458 2698 575 2769 iroctus,
596 2717 673 2757 mare
685 2701 773 2773 pisces
785 2707 813 2754 ct
826 2710 947 2759 merces,
970 2693 1055 2776 stella>

259 2764 443 2833 splendorem.
468 2770 543 2827 llane
562 2788 625 2844 ergo
640 2771 802 2829 sententiata
817 2766 955 2837 apostolus
967 2765 1054 2847 expli·

259 2849 326 2891 caus
345 2838 410 2893 dicit
433 2857 440 2895 ι
465 2840 536 2896 Naar
554 2844 708 2915 exspectatio
733 2849 857 2896 creaturae
878 2836 1054 2919 revelationem

258 2906 374 2977 filioram
386 2909 436 2965 Dei
448 2924 586 2983 exspectat.
606 2914 718 2971 Vanitati
730 2916 798 2967 enim
811 2907 1054 2991 ereatura'subpecta

259 2988 315 3044 ert,
330 2996 383 3036 nen
396 2984 500 3049 uolens,
520 2987 565 3041 sed
578 2996 682 3059 prepter
694 3002 770 3049 auor,
784 2983 828 3053 pavi
839 2980 945 3061 subjecit
959 2994 1015 3031 eain
1027 2992 1054 3030 ιιι

258 3064 326 3118 ιιιε,·
343 3054 404 3123 quia
424 3064 448 3109 et
463 3056 520 3139 ipre
540 3067 656 3113 ereatura
676 3055 853 3112 liberabitura
871 3057 989 3135 seruitute
1001 3064 1054 3101 cor·

257 3124 395 3192 ruptionis,
417 3125 445 3181 iu
458 3127 600 3184 libertatem
612 3130 702 3202 glorie
715 3127 826 3197 tiliorum
841 3122 889 3178 Dei
910 3119 1007 3195 (iiiiii.
1024 3118 1050 3174 8.

256 3191 341 3250 lii-2i
352 3191 374 3267 ).
396 3195 425 3251 ld
447 3208 490 3254 cst
501 3218 508 3256 :
520 3200 556 3257 Ut
569 3202 636 3258 vidit
649 3201 722 3256 Deus
737 3198 874 3279 bominem
888 3194 1011 3276 lapsum,
1026 3198 1055 3245 et

256 3275 408 3322 ereaturam
423 3269 585 3329 abnuentem
595 3275 698 3330 servire
710 3272 815 3341 ingrato
829 3266 886 3348 ilii,
903 3277 995 3348 lipsani
1010 3261 1053 3317 vel

256 3334 370 3392 invitam
396 3341 560 3410 reirenarit,
580 3343 713 3414 jussitque
738 3340 821 3396 solem
846 3353 928 3402 oriri,
954 3342 1052 3417 terram

254 3405 329 3462 lerre
340 3409 442 3466 iruetus
451 3427 533 3481 suos,
547 3429 598 3470 nec
608 3415 743 3486 abnegare
755 3421 980 3492 transgressorem
991 3405 1054 3460 lieet

255 3478 411 3548 ingratum.
428 3484 476 3539 scil
491 3485 632 3542 ostendere
646 3485 796 3542 communis
811 3482 917 3537 lioniiiii
937 3491 1052 3560 immeri-

255 3563 318 3603 som
330 3549 510 3623 beneficium,
526 3556 659 3627 pollicitus
669 3566 816 3618 creaturae,
830 3568 860 3608 se
872 3565 932 3606 curn
943 3547 1053 3602 bomine

256 3632 385 3691 corrupto
397 3637 554 3683 renovatum
568 3629 600 3684 iri
612 3646 619 3683 ι
631 3628 697 3685 acsi
710 3627 811 3684 diecret
823 3623 892 3680 beris
901 3627 1033 3676 creatorae
1045 3636 1051 3673 :

256 3689 324 3757 Quia
335 3694 432 3750 cecidit
443 3697 532 3770 imago
544 3741 551 3766 ,
564 3709 592 3756 et
603 3715 650 3770 per
663 3698 900 3769 transgressionem
913 3693 989 3775 lapsa
999 3697 1052 3756 εει,

256 3776 290 3818 ac
305 3779 353 3833 per
370 3766 577 3825 inobedientiam
601 3773 798 3843 corrumpitur,
820 3774 939 3848 corrupti
959 3777 1053 3844 curru·

257 3834 344 3903 piloni
360 3839 463 3895 servire
484 3851 593 3912 putere3
619 3852 649 3898 ut
669 3858 731 3898 curu
758 3837 894 3896 reparabo
908 3847 1051 3904 imaginem

256 3920 367 3974 nicam,
382 3909 517 3968 bominem
531 3923 702 3982 corruptum,
717 3928 778 3970 cum
794 3913 853 3992 ipso
865 3918 891 3965 et
907 3915 932 3961 te
946 3911 1053 3990 creatur

256 3991 316 4031 ratri
331 3994 477 4049 reuocent,
492 3992 520 4038 et
532 3983 590 4053 eius
606 3994 632 4041 to
645 3986 740 4057 gloriae
756 3983 911 4061 participem
924 3977 1050 4059 ciliciam.

256 4045 286 4101 ln
302 4047 508 4118 eiusmiseriam
530 4056 651 4113 detracta
672 4071 723 4124 cs,
747 4068 807 4110 com
828 4067 886 4122 epis
903 4049 1053 4132 gloriare·

255 4133 345 4190 surge.
369 4122 439 4191 Quid
458 4134 500 4182 est
520 4134 625 4193 utitem,
641 4127 742 4193 irater,
764 4131 915 4205 creaturam
937 4119 1052 4175 bominis

255 4191 396 4249 demittunt
419 4195 555 4267 elitigerei
577 4198 647 4255 uicit
668 4199 740 4253 euim
764 4214 771 4250 ι
801 4195 912 4248 Vanitati
935 4200 1053 4245 creatura

255 4261 370 4331 subluto
383 4277 419 4322 ert
436 4265 521 4338 (Ptol.
537 4269 582 4324 58.
594 4270 632 4340 6).
649 4269 697 4325 Cui
710 4267 835 4324 vanitati?
849 4265 892 4332 Ex
904 4277 957 4346 quo
969 4262 1052 4345 bomo

256 4347 370 4391 aversus
381 4347 424 4392 est
437 4352 454 4392 a
469 4338 545 4406 bea,
560 4340 587 4395 id
601 4342 705 4397 vanitas
715 4339 826 4401 dicitur,
851 4346 881 4390 ut
893 4343 931 4390 ait
946 4333 1029 4416 liavid
1044 4351 1051 4388 :

260 4402 440 4463 Verumtamen
465 4411 583 4467 animia
606 4413 724 4478 eunitae,
751 4411 834 4466 eniiiir
856 4408 931 4490 beato
955 4419 1050 4460 naeus.

256 4473 352 4532 (imnis
364 4477 446 4535 bomo
463 4495 549 4537 raons
571 4483 617 4540 ille
637 4493 697 4552 εει,
722 4483 767 4554 qui
781 4482 836 4538 lieo
851 4479 963 4545 relicto,
984 4491 1051 4531 rana

255 4550 436 4620 persequitur.
913 4621 920 4633 .
1044 4622 1051 4634 ι

292 4620 319 4674 e.
334 4621 372 4690 tl)
387 4621 566 4696 Erantitaque
576 4626 697 4697 angeliiu
711 4632 767 4681 toto
779 4625 860 4691 orbe,
876 4638 921 4693 qui
932 4618 1051 4691 praelecti

255 4692 381 4760 gentibus
395 4705 481 4759 erant,
498 4708 527 4752 ut
541 4697 699 4754 tastilicatur
712 4697 804 4768 lloyes
819 4696 910 4778 dicens
922 4712 929 4748 z
943 4693 1052 4760 Quando

255 4761 383 4818 dividebat
401 4765 546 4823 Altiniutua
560 4779 661 4839 pentes,
679 4779 707 4825 ut
727 4769 846 4838 disperiit
859 4766 927 4836 filios
946 4765 1049 4832 Aderit,

255 4835 388 4889 constituit
406 4840 527 4893 terminos
539 4840 692 4912 populerunt
705 4842 783 4912 juata
801 4854 932 4894 nuiiterttin
946 4837 1052 4919 angelo·

255 4921 315 4958 rum
331 4905 379 4961 llei
392 4907 480 4977 (lieet.
494 4909 540 4965 52.
554 4911 597 4981 8);
612 4911 701 4978 idest,
716 4910 851 4966 distribuit
862 4910 932 4965 beris
944 4908 1051 4991 climata

209 5003 214 5037 ι
255 4976 330 5031 orbis
342 4978 454 5049 singolis
475 4982 578 5052 augelis
593 4999 600 5047 ;
617 4983 691 5038 verbi
714 4983 819 5054 gratia,
835 4982 904 5063 banc
918 4987 1053 5062 conimtsit

254 5047 442 5116 praiecturani
458 5052 504 5106 uui
519 5054 626 5123 angelo,
641 5055 721 5109 aliam
733 5054 821 5118 alteri;
838 5064 866 5107 ut
879 5059 1051 5107 iiiammataiu

255 5130 377 5175 naturam
388 5123 465 5190 solis,
480 5123 560 5189 lonae,
575 5125 723 5195 stellarum,
738 5134 827 5190 terrae,
841 5120 1052 5206 niarium'relrc·

254 5200 353 5244 nareiit
363 5191 398 5248 ail
409 5195 581 5250 commodum
591 5197 713 5254 inaitatts
723 5198 849 5253 bominis.
865 5195 958 5265 angeli
970 5207 1052 5262 porro

254 5258 450 5332 ailligebantor,
464 5266 534 5337 qood
551 5267 703 5324 bominibus
718 5267 833 5338 indiguis
849 5267 1050 5349 ministrarent,

255 5329 382 5390 dolebant
396 5335 518 5395 ridentes
530 5338 634 5396 Domini
648 5340 803 5410 dignitatem
827 5337 902 5408 prodi
915 5379 925 5419 ,
938 5345 965 5391 ει
979 5335 1051 5390 idola

254 5402 362 5460 adorari
376 5423 383 5464 :
399 5406 602 5468 dissecabantur
614 5413 701 5483 angeli
724 5411 874 5482 cogitantes
891 5409 971 5462 alium
990 5419 1052 5462 esse

255 5475 540 5549 subministratorem,
556 5495 583 5539 et
597 5484 665 5539 alios
679 5484 775 5554 quibus
789 5482 884 5551 gratim
897 5484 1050 5562 agerentur.

255 5543 371 5604 Ferebat
386 5558 458 5607 terra
477 5555 588 5621 riuum,
604 5564 633 5609 ει
646 5552 701 5610 arte
716 5553 842 5610 libamina
864 5550 1049 5636 accipiebant:

255 5619 360 5676 ferebat
374 5630 444 5678 terra
457 5624 592 5681 lruetuum
608 5626 767 5694 ubertatem,
781 5636 808 5680 ct
822 5624 880 5679 bac
893 5621 970 5678 idolis
982 5620 1049 5676 oile-

287 5754 314 5815 (u
336 5759 402 5816 Quod
414 5761 528 5822 sequitur
535 5759 607 5812 affert
615 5761 723 5822 t‘ltotios,
735 5776 760 5826 p.
778 5761 847 5812 lb'lri.

288 5816 314 5878 (b
336 5825 393 5877 Quae
413 5823 624 5886 sequunturapod
642 5825 751 5875 ebolium
768 5825 858 5888 babes,
877 5839 902 5888 p.
916 5823 992 5888 tate,
1003 5824 1049 5878 sed

255 5880 357 5954 paulum
369 5890 471 5932 mutata.

1027 364 1162 425 SPUthl.

1861 386 1914 447 692

1116 482 1252 539 rebantur.
1270 484 1332 543 iliae
1346 502 1398 545 non
1412 489 1530 549 icreliant
1546 492 1644 565 angeli,
1665 495 1787 557 ridentes
1797 515 1838 566 ea.
1853 520 1913 575 qun

1119 568 1172 607 non
1189 556 1364 628 exsistebant,
1381 561 1441 619 loca
1456 564 1538 631 illius,
1554 566 1599 636 qui
1613 581 1678 623 vere
1694 580 1746 633 est,
1761 572 1824 627 coli.
1845 574 1913 634 llinc

1115 623 1229 681 solvitur
1240 628 1292 683 alia
1303 632 1425 699 qiiastio,
1437 650 1496 705 quac
1507 636 1533 691 iii
1547 638 1677 705 propbeta
1686 652 1819 699 moretur.
1833 644 1913 703 Venit

1114 694 1148 748 atl
1161 696 1247 763 illum,
1261 700 1355 771 inqiiit,
1367 706 1478 775 angelos
1488 706 1607 772 Gabriel,
1619 707 1719 765 Etdieit
1732 712 1773 768 illi
1781 729 1792 768 .·
1804 713 1911 785 Daniel,

1114 776 1191 823 serie
1203 768 1260 835 lici,
1276 787 1308 826 ea
1321 789 1371 843 qua
1383 776 1424 831 ilie
1434 779 1587 846 proposuisti
1595 780 1705 851 affligere
1714 784 1826 839 animam
1843 799 1913 845 tuain

1113 851 1199 891 eorem
1215 839 1341 907 liouiino,
1356 848 1526 905 exauditaert
1538 848 1682 921 deprecatio
1703 862 1757 922 tua,
1771 866 1800 912 ct
1813 859 1914 917 missus

1114 920 1172 963 sum
1189 915 1348 971 anunntiare
1374 918 1418 971 tibi
1433 921 1513 975 verba
1533 920 1607 987 lraec3
1634 923 1679 978 aad
1703 926 1820 997 princeps
1840 931 1913 1001 regni

1114 975 1253 1037 Persarum
1264 986 1354 1040 restitit
1369 990 1440 1057 niilii,
1451 992 1496 1046 red
1506 991 1619 1049 llicltael
1629 996 1747 1067 mlucepe
1768 1000 1851 1070 pentir
1868 1018 1913 1057 re·

1112 1058 1172 1105 atrae
1189 1056 1255 1109 uenit
1274 1056 1303 1111 in
1317 1059 1533 1187 aiiaiti'oiiigtian.
1548 1064 1593 1119 lb.
1614 1066 1670 1134 li).
1693 1067 1760 1135 Quis
1782 1080 1824 1126 εει
1846 1086 1912 1143 ergo

1113 1125 1244 1192 nupcias,
1271 1128 1317 1197 qui
1338 1132 1435 1186 restitit
1465 1134 1593 1201 iubrieii,
1612 1143 1640 1191 et
1651 1151 1700 1193 eur
1720 1136 1771 1209 ipsi
1786 1142 1911 1199 restitit?

1113 1192 1218 1250 ilicium
1236 1198 1313 1255 robis
1335 1216 1423 1270 imper
1432 1211 1490 1272 εει,
1505 1204 1622 1271 iratres,
1637 1207 1722 1271 Deum
1734 1211 1839 1282 angelis
1852 1214 1910 1269 sin·

1112 1265 1172 1391 gula
1186 1266 1293 1324 climata
1308 1270 1479 1328 distribuisse
1500 1276 1534 1331 ad
1547 1278 1697 1333 custodiam
1717 1282 1800 1337 totius
1822 1285 1909 1340 orbis.

1124 1336 1214 1392 'aucto
1226 1338 1305 1407 igitur
1318 1341 1434 1399 Gabrieli
1446 1345 1528 1401 misso
1538 1347 1571 1404 de
1583 1349 1660 1413 ciclo,
1675 1351 1777 1408 resistit
1786 1354 1909 1425 angelus,

1112 1408 1156 1473 uui
1171 1408 1311 1477 pruricctus
1327 1412 1412 1469 inerat
1425 1432 1508 1487 regno
1517 1418 1670 1485 Persarum,
1686 1420 1712 1477 iil
1727 1432 1777 1485 εει,
1793 1423 1909 1483 Persidi.

1111 1474 1245 1543 donatiui
1258 1492 1358 1552 autem,
1372 1484 1394 1539 si
1406 1486 1451 1543 illc
1465 1503 1479 1543 a
1492 1489 1548 1544 tien
1558 1491 1655 1546 missus
1665 1499 1717 1559 est,
1730 1503 1757 1548 et
1768 1494 1790 1549 si
1801 1493 1908 1553 Gabriel

1111 1563 1243 1619 giroipiee
1259 1554 1312 1609 lico
1328 1558 1425 1611 missus
1436 1567 1487 1625 est,
1504 1576 1553 1615 cur
1567 1561 1610 1616 bic
1621 1562 1658 1617 illl
1674 1564 1795 1619 resistit?
1807 1565 1873 1623 Natu
1884 1571 1907 1623 si

1112 1618 1184 1675 alter
1201 1623 1301 1681 missus
1313 1628 1424 1697 angelus
1437 1631 1549 1686 alterius
1561 1632 1671 1687 dominii
1686 1642 1759 1691 esset
1770 1676 1777 1699 ,
1790 1636 1855 1707 jore
1868 1639 1907 1695 illi

1111 1692 1253 1749 resistebat
1268 1713 1275 1751 ι
1291 1697 1331 1753 sin
1348 1698 1419 1753 idem
1436 1701 1505 1755 liciis
1524 1704 1568 1771 qui
1584 1704 1668 1772 ipsum
1685 1705 1819 1776 lugentem
1833 1709 1907 1765 iilam

1111 1765 1306 1834 constituerat,
1323 1769 1393 1824 bunc
1406 1770 1438 1824 ad
1456 1772 1613 1841 proplietam
1628 1775 1721 1843 misit,
1736 1792 1785 1832 cur
1799 1778 1837 1833 illi
1861 1796 1908 1835 rer

1111 1833 1181 1889 sistit
1195 1835 1207 1887 i
1220 1836 1367 1909 Diligenter
1380 1842 1499 1897 attende.
1521 1843 1584 1899 Erat
1602 1845 1718 1902 muudus
1734 1856 1805 1903 totus
1819 1849 1907 1907 idolo-

1114 1902 1190 1959 latria
1205 1907 1300 1977 plenus
1315 1928 1322 1965 ε
1338 1912 1424 1981 angeli
1441 1927 1506 1967 uero
1517 1915 1563 1985 qiii
1576 1916 1700 1986 genitibus
1714 1920 1832 1987 praetecti
1847 1919 1906 1977 inc·

1111 1986 1189 2040 rant,
1212 1979 1417 2063 indignabantur
1439 1991 1467 2038 et
1492 1985 1640 2053 dolebunt,
1667 1988 1788 2047 riilcntcs
1823 1991 1906 2047 iteum

1110 2044 1221 2116 despici,
1232 2059 1258 2105 et
1269 2050 1337 2107 idola
1349 2054 1464 2110 adorari.
1474 2054 1540 2111 Crini
1552 2072 1631 2128 parre
1643 2058 1783 2115 descendit
1793 2064 1907 2133 populos

1111 2120 1233 2188 captiuos
1244 2124 1271 2175 in
1287 2122 1448 2195 babylonem
1463 2166 1471 2191 ,
1486 2127 1560 2183 risus
1574 2138 1616 2185 εει
1631 2130 1722 2187 banici
1736 2132 1817 2189 iteam
1837 2150 1907 2205 pric-

1109 2186 1213 2257 dicans,
1225 2192 1273 2246 risi
1285 2203 1347 2249 sunt
1359 2204 1412 2251 tres
1422 2197 1498 2267 pueri
1509 2198 1591 2254 ileum
1602 2200 1781 2270 celebrantes,
1792 2206 1904 2275 quotide

1110 2257 1217 2315 llammo
1230 2264 1402 2334 calcabatur,
1423 2278 1450 2322 et
1465 2269 1588 2338 impietas
1607 2272 1780 2329 solvebatur:
1796 2276 1905 2346 otiando

1109 2329 1201 2387 leones
1220 2332 1409 2405 irenabantur,
1422 2346 1450 2394 et
1464 2338 1585 2399 inlideles
1607 2344 1834 2412 reprimebantur.
1849 2350 1906 2403 itu-

1109 2402 1185 2471 gelos
1197 2420 1261 2477 ergo
1281 2407 1405 2478 princeps
1421 2411 1495 2479 regni
1510 2411 1652 2468 Persarum
1666 2413 1800 2485 gaudebat
1812 2427 1840 2472 et
1853 2433 1904 2474 ex·

1110 2474 1225 2529 stillabat
1237 2518 1245 2542 ,
1259 2478 1329 2547 quod
1344 2479 1370 2533 iri
1391 2479 1447 2537 suis
1462 2482 1583 2551 partibus
1605 2485 1674 2542 lieris
1717 2486 1902 2544 radicaretur.

1109 2540 1221 2600 Videbat
1234 2547 1344 2617 angelos
1357 2550 1506 2620 Cbaldacos,
1522 2556 1566 2625 qui
1579 2501 1723 2625 aliquamVo
1736 2558 1824 2628 ignem
1835 2559 1903 2615 ade·

1108 2616 1215 2682 raliant,
1228 2628 1254 2673 ει
1269 2618 1338 2673 idola
1354 2620 1487 2688 colebant,
1502 2624 1586 2680 Deum
1601 2627 1636 2681 ob
1650 2638 1751 2695 patrata
1773 2629 1903 2692 miracula

1107 2685 1245 2744 celebrare
1261 2707 1267 2742 :
1282 2698 1310 2745 et
1321 2691 1452 2761 gaudebat
1465 2693 1560 2750 videns
1575 2696 1711 2766 regionem
1726 2714 1820 2766 sitani,
1836 2701 1902 2757 olim

1109 2756 1247 2825 impietate
1262 2760 1406 2831 insignem,
1418 2763 1473 2832 jam
1489 2764 1522 2819 ad
1537 2766 1662 2836 pietatem
1674 2784 1842 2827 eoiiuersam.
1857 2770 1902 2827 Vi·

1107 2827 1188 2883 debat
1208 2832 1320 2899 angelus
1333 2832 1623 2893 Nabuchodonosorem
1642 2855 1732 2911 regem
1745 2841 1880 2898 dicentem
1893 2884 1902 2909 ‚

1108 2897 1234 2966 Sadrarii,
1250 2901 1359 2963 llisaclt.
1376 2904 1529 2977 abdenago,
1542 2910 1608 2963 rerri'
1620 2909 1667 2965 bet
1679 2911 1796 2968 altissimi
1806 2912 1902 3038 bileti.

1107 2969 1135 3024 5.
1149 2970 1184 3025 98
1197 2972 1227 3043 i,
1243 2981 1270 3027 et
1284 2974 1442 3044 exsultabat.
1458 2975 1589 3044 Quoniam
1603 2981 1681 3050 igitur
1694 2982 1787 3039 beatus
1830 2985 1903 3040 aniel

1107 3040 1193 3097 licum
1211 3043 1383 3114 precabatur,
1407 3056 1435 3101 ut
1450 3048 1505 3118 iarn
1520 3048 1635 3121 impletis
1649 3052 1701 3108 illis
1715 3053 1903 3111 determinatis

1107 3113 1275 3184 septuaginta
1289 3118 1376 3184 arinis,
1392 3118 1503 3190 populus
1519 3122 1699 3191 acaptivitate
1712 3134 1901 3192 revocantum

1107 3181 1901 3277 Gabrielquemissoscratdeelaratorusipsi,J'ampopulurn

1106 3255 1288 3313 reducendum
1303 3272 1364 3316 csse
1381 3273 1397 3313 a
1417 3262 1589 3332 captivitato,
1607 3275 1634 3320 et
1648 3281 1675 3320 ιιι
1690 3279 1788 3324 terram
1803 3284 1901 3336 suani,

1106 3326 1165 3381 sive
1181 3327 1207 3382 in
1222 3326 1372 3385 Jerusalem
1388 3346 1560 3389 reversorum
1575 3349 1636 3392 esse
1648 3354 1655 3392 a
1669 3339 1770 3394 resistit
1783 3339 1901 3396 Gabrieii

1107 3394 1210 3453 Persici
1225 3399 1329 3470 imperii
1344 3402 1465 3472 nagelta,
1477 3405 1572 3460 dolens
1584 3447 1591 3470 ,
1605 3408 1676 3476 quod
1691 3410 1742 3465 sibi
1754 3411 1902 3466 commissa
1995 3404 1999 3408 ’

1106 3473 1189 3535 terra,
1200 3469 1299 3540 pietate
1312 3471 1416 3538 relicta,
1432 3472 1465 3531 ad
1477 3475 1640 3546 impietatem
1656 3493 1798 3536 reversura
1809 3490 1900 3540 esset:

1106 3537 1228 3609 dolebat,
1245 3540 1316 3611 qood
1330 3552 1400 3599 terra
1413 3560 1459 3598 sua
1477 3548 1591 3615 priscani
1606 3548 1783 3608 idololatriam
1798 3553 1901 3625 repeti·

1108 3617 1165 3666 tura
1189 3619 1278 3678 esset;
1300 3621 1327 3668 ct
1351 3613 1493 3671 resistebat
1512 3618 1573 3687 ipsi,
1595 3634 1647 3674 nain
1673 3623 1830 3693 pugnando,
1852 3624 1901 3682 scd

1105 3681 1237 3738 rationem
1251 3692 1343 3739 contra
1358 3683 1505 3743 ailerendo.
1521 3687 1589 3757 Quid
1605 3699 1707 3749 tanturn
1721 3695 1839 3763 roratis,
1855 3697 1900 3752 iu·

1105 3752 1223 3822 utriebat,
1237 3753 1365 3826 populum
1384 3759 1527 3815 revocare?
1541 3761 1688 3831 quidecim
1702 3764 1791 3820 damni
1805 3782 1902 3838 passos

1106 3825 1184 3880 estin
1198 3825 1372 3895 captivitate?
1384 3827 1495 3896 Quando
1507 3831 1531 3884 in
1547 3829 1656 3903 regione
1670 3848 1717 3890 sua
1728 3847 1814 3905 eraut,
1829 3838 1900 3895 idola

1105 3893 1254 3951 adorabant
1269 3912 1277 3962 ;
1293 3904 1320 3952 ct
1334 3908 1473 3970 postquam
1491 3901 1543 3957 bue
1555 3914 1704 3973 reneruut,
1718 3906 1802 3962 licum
1817 3911 1907 3980 gioria,

1106 3965 1197 4031 licant,
1210 3976 1238 4022 et
1252 3966 1313 4022 iude
1324 3968 1374 4033 ipsi
1389 3971 1528 4029 utilitatem
1539 3987 1709 4046 acceperunt,
1723 3988 1750 4033 ct
1764 3977 1806 4035 liis
1821 3981 1901 4036 utiles

1105 4036 1220 4092 luerunt.
1232 4037 1300 4103 Quid
1312 4039 1422 4109 impetiit
1431 4043 1573 4113 quominus
1582 4046 1609 4100 in
1620 4047 1708 4102 medio
1718 4047 1824 4106 illorum
1835 4067 1900 4107 cou-

1106 4108 1221 4164 sistautl
1236 4109 1262 4164 ln
1276 4126 1329 4180 quo
1342 4109 1421 4167 laesus
1440 4124 1482 4169 est
1494 4117 1627 4184 popolus,
1643 4126 1673 4173 ut
1684 4119 1813 4176 studeatis
1824 4121 1898 4177 illum

1104 4194 1119 4232 a
1135 4179 1286 4250 captivitate
1297 4180 1425 4238 reducere
1435 4183 1447 4238 i
1459 4183 1536 4241 Vides
1550 4187 1634 4242 Deum
1645 4189 1793 4256 adoratum,
1805 4205 1899 4264 gentes

1105 4249 1279 4318 illuminatas,
1295 4260 1321 4306 et
1337 4261 1439 4310 tantum
1454 4255 1612 4312 benelleium
1629 4260 1722 4316 tollere
1735 4263 1899 4320 contendis?

1105 4319 1159 4376 Cur
1173 4322 1270 4377 missus
1279 4337 1309 4376 es
1321 4323 1333 4373 i
1345 4323 1442 4382 llissus
1453 4340 1511 4381 sum
1524 4367 1533 4394 ,
1547 4329 1631 4398 inqiiit
1645 4369 1653 4396 ,
1667 4339 1696 4386 ot
1709 4331 1834 4390 reducam
1850 4351 1899 4405 po·

1106 4392 1196 4474 pulum
1207 4393 1233 4447 in
1248 4393 1360 4462 patriam
1369 4409 1455 4451 suom.
1467 4399 1561 4466 Quam,
1574 4400 1670 4469 inquit,
1682 4405 1804 4470 patriam,
1816 4421 1896 4474 ‹pitaui

1105 4463 1144 4518 illi
1167 4462 1341 4534 proianarunt
1361 4466 1499 4535 cudibus,
1520 4483 1686 4527 cantassent
1705 4473 1898 4548 teiosatymat

1105 4533 1200 4590 Nonne
1212 4536 1251 4592 sic
1265 4535 1325 4591 illos
1337 4538 1480 4594 accusabat
1490 4540 1620 4596 ieremias
1632 4542 1735 4612 dicens,
1750 4544 1897 4601 Secundam

1105 4622 1238 4662 auctuum
1252 4607 1352 4662 urbium
1374 4617 1474 4664 tuarum
1494 4621 1565 4666 erunt
1588 4613 1784 4685 lteratgtada,
1810 4629 1833 4672 ct
1852 4637 1898 4690 prr

1105 4678 1172 4733 viror
1181 4675 1324 4733 luuraleni
1334 4679 1482 4736 immolabat
1492 4679 1566 4737 Raali
1580 4681 1646 4753 (Iera
1657 4684 1685 4739 2.
1700 4685 1745 4744 28.
1755 4697 1779 4742 et
1788 4689 1830 4744 ll.
1839 4690 1896 4754 itti.

1105 4749 1243 4806 Sescentis
1255 4757 1318 4804 tmic
1331 4764 1346 4804 a
1362 4751 1416 4806 ilco
1428 4751 1613 4809 alliciebantur
1626 4755 1721 4823 bonis,
1736 4770 1790 4814 eta
1804 4775 1898 4832 nequa-

1105 4820 1141 4875 tia
1155 4835 1208 4876 nou
1223 4819 1403 4886 recedebant;
1422 4838 1493 4878 irone
1503 4825 1795 4885 sexcetttisaillciontur
1808 4833 1895 4900 malis,

1105 4902 1159 4946 eta
1183 4891 1237 4946 lico
1260 4905 1312 4945 nou
1326 4891 1463 4948 recedunt.
1478 4893 1543 4950 Erat
1563 4911 1627 4967 ergo
1649 4897 1826 4972 disceptatio,
1842 4919 1896 4960 riou

1106 4961 1168 5016 mali
1190 4960 1337 5031 cujuspiam
1360 4960 1488 5018 aduersus
1508 4965 1624 5034 bonoim,
1650 4971 1789 5028 nonenim
1810 4973 1894 5042 dicit,

1106 5031 1258 5102 Pugnabat,
1270 5030 1328 5097 sed,
1344 5031 1506 5090 llesistebat.
1523 5037 1589 5096 biam
1605 5056 1677 5111 sape
1689 5042 1896 5113 disceptatiocst

1104 5101 1284 5171 iuterjustum
1297 5111 1324 5157 et
1337 5101 1461 5173 prabum.
1474 5105 1584 5164 Resistit
1595 5110 1735 5182 aliqnando
1745 5116 1898 5173 immanitas

1105 5173 1167 5244 legi,
1180 5182 1208 5228 et
1222 5173 1264 5228 lea
1279 5170 1455 5231 itttntatritati:
1472 5180 1515 5234 let
1534 5192 1685 5249 peccantem
1702 5187 1785 5252 pionii,
1801 5186 1897 5242 liutan-

1106 5245 1176 5300 nitas
1192 5245 1263 5315 regis
1277 5259 1349 5315 saepe
1365 5247 1450 5314 parcit
1464 5251 1593 5318 peccanti.
1609 5251 1658 5307 llic
1671 5269 1757 5324 pogna
1769 5268 1821 5324 εει,
1843 5273 1896 5314 non

1105 5314 1249 5372 aduersarii
1276 5316 1302 5370 iii
1326 5316 1532 5389 adversarium,
1557 5323 1603 5377 soil
1618 5322 1706 5380 aiiiuis
1726 5327 1752 5380 iii
1776 5329 1894 5385 alliuem.

1104 5386 1196 5457 Neque
1217 5387 1287 5441 euim
1306 5387 1408 5456 iustitia
1427 5401 1501 5447 extra
1524 5391 1713 5463 benignitatem
1729 5408 1791 5466 est,
1810 5416 1896 5470 nequo

1104 5457 1253 5529 benignitas
1264 5468 1337 5513 eitra
1345 5461 1485 5529 justitiam.
1496 5461 1547 5519 Sed
1558 5463 1617 5520 bac
1626 5467 1815 5538 carptimdieta
1826 5473 1894 5538 sint;

1103 5530 1158 5599 iant
1179 5529 1211 5584 ad
1237 5528 1386 5586 institutum
1411 5541 1589 5590 revertamur.
1605 5534 1671 5591 Cmu
1695 5555 1759 5610 ergo
1774 5553 1894 5600 creatura

1105 5602 1156 5656 boc
1169 5600 1195 5654 iti
1209 5609 1277 5655 stato
1288 5611 1368 5668 esset,
1379 5611 1405 5660 et
1416 5603 1598 5675 indignaretur
1608 5608 1735 5664 adienos
1746 5620 1895 5686 trausgrcs·

1104 5687 1192 5728 sorem
1205 5687 1212 5737 ;
1227 5675 1382 5744 cuinsngeli
1394 5675 1505 5732 moleste
1519 5675 1620 5734 ierrent
1633 5679 1764 5750 ingratum
1777 5694 1839 5756 post
1850 5688 1895 5743 bc·

1104 5743 1198 5800 iiciicia
1208 5744 1412 5813 popoloni;cum
1424 5753 1493 5803 totus
1506 5748 1579 5804 orbis
1591 5762 1662 5806 esset
1675 5753 1709 5806 de
1718 5757 1893 5828 tantaiiiiqoi·

1104 5824 1160 5870 tate
1172 5813 1287 5870 sillictus
1299 5815 1459 5887 (quod'enim
1468 5819 1566 5888 patitur
1576 5821 1705 5878 arborvel
1713 5825 1764 5882 alia
1772 5827 1893 5894 materia,

1103 5887 1154 5944 boc
1176 5885 1274 5972 patitur
1288 5895 1371 5958 terra,
1385 5889 1531 5947 seeundum
1546 5891 1571 5948 id
1585 5893 1657 5964 quod
1668 5894 1769 5956 dictum
1784 5907 1825 5956 est
1842 5899 1894 5956 :lit
