4084 6350
218 284 221 289 «
285 255 345 312 ns
391 297 394 300 .
657 245 685 304 s.
704 241 842 305 rorans
858 191 1274 308 cinamomum-amaur-
1292 222 1561 291 mnsrrmnor.
1869 237 1916 296 m

287 369 393 440 mm
406 381 458 424 m„
465 363 543 438 ψ,
553 357 797 434 permenam
806 350 1000 424 discipulorum
1021 351 1092 400 tan·.
1139 336 1303 422 quealiquid
1319 336 1354 396 de
1367 337 1413 393 illa
1426 337 1568 407 sciscitari.
1588 334 1641 396 Sed
1655 345 1682 393 et
1695 339 1767 410 quod
1780 341 1916 420 timerent,

285 463 347 514 tum
361 471 444 516 eausa
455 454 514 512 aec
528 451 598 509 iacta
617 449 713 520 luisse,
725 443 845 503 subdidit
858 460 866 498 a
878 441 923 498 al.
942 437 978 496 tit
990 447 1015 492 et
1026 450 1084 490 ere-
1136 439 1164 485 et
1177 428 1248 500 quod
1262 429 1365 486 scirent
1376 445 1429 484 nmr
1442 429 1611 498 alium-erse,
1626 429 1673 484 sed
1683 430 1758 486 iilum
1768 433 1866 504 ipsum,
1886 443 1917 500 ab

289 547 376 607 mutes
389 547 466 604 situm
478 552 598 600 menam
616 537 727 596 balmis
739 537 767 592 ia
779 535 881 590 nomine
890 532 959 602 ejas,
972 540 1084 600 qenera·
1137 521 1347 592 interrogatione
1367 520 1554 588 abstinuerunt
1562 519 1733 606 ,solumque
1752 526 1915 592 comedebam

288 637 353 693 liter
363 645 487 692 naturam
501 633 657 704 alloquens,
669 638 698 686 et
712 635 741 683 ut
752 625 878 683 ostendat
889 663 898 690 ,
911 637 965 678 non
981 618 1039 683 illi,
1057 615 1088 670 iu
1137 627 1179 677 ea.
1190 627 1250 684 quae
1263 613 1321 682 ipse
1330 626 1390 668 cam
1400 611 1638 680 majoriporestate
1648 621 1795 672 creaverat.
1806 615 1852 672 llic
1861 635 1917 676 vero

287 743 370 796 qoem
384 725 514 790 creditur,
525 723 573 780 sed
585 721 664 778 nobis
679 719 745 790 ipsis
756 733 787 774 se
800 716 917 772 maxime
928 705 1083 785 qmaibcari.
1137 721 1190 760 non
1205 705 1274 762 ultra
1288 705 1400 775 respicit
1410 705 1439 762 in
1452 704 1558 770 cetum,
1570 719 1657 776 neque
1669 703 1784 763 bumana
1796 707 1839 764 illa
1851 709 1916 782 iacit,

290 816 326 872 ln
345 818 446 872 nemim
460 817 532 887 qua,
548 813 599 869 boc
613 821 664 875 est,
678 825 726 882 per
740 824 813 866 evam.
828 805 888 878 lpse
901 814 1019 872 namque
1031 797 1085 854 vita
1137 796 1283 854 ostendens
1297 796 1341 852 illa
1353 811 1398 862 co.
1413 795 1484 868 quod
1496 811 1562 852 sese
1576 794 1738 861 demisisset,
1752 796 1916 862 laetaluisse

288 917 342 966 est.
361 910 371 980 (
387 908 451 978 Cup.
466 907 498 962 il
516 906 566 976 ll.
583 902 676 958 Postea
690 884 898 971 manifestabitur
909 888 1086 973 discipulum
1137 887 1215 956 Quod
1223 903 1293 946 vero
1305 903 1360 946 nou
1373 888 1546 958 frequenter,
1560 903 1611 954 nec
1621 887 1702 952 simili
1716 888 1796 946 modo
1805 906 1862 950 cum
1872 895 1918 952 illis

292 1013 363 1052 enare
374 995 523 1052 Tiberiadis.
536 992 630 1049 Viden·
642 990 777 1062 quomodo
790 1002 844 1046 non
857 986 1010 1057 frequenter
1024 995 1085 1036 cum
1137 987 1308 1046 versaretur,
1323 978 1392 1036 dixit
1407 998 1414 1035 :
1429 981 1472 1035 ll.
1486 979 1545 1034 Hoc
1551 980 1608 1050 jorn
1622 980 1695 1034 tertia
1707 981 1876 1050 nannissatatus
1886 998 1918 1041 ert

289 1087 345 1144 illis
364 1096 496 1151 versetur,
512 1098 600 1155 neque
621 1083 691 1138 sicut
702 1079 798 1136 anteai
809 1077 939 1149 Apparuit
948 1073 1022 1128 enias
1041 1085 1087 1125 vc·
1138 1069 1189 1125 iliis
1200 1109 1208 1134 ,
1221 1086 1280 1124 rum
1291 1071 1621 1128 resumem'ssetonvertuis.
1636 1070 1755 1140 btjnbet
1767 1075 1918 1135 esabsoniis

288 1191 382 1247 apere,
396 1183 425 1231 et
442 1173 558 1229 avolavit
569 1188 578 1239 ;
591 1170 696 1228 deinde
709 1179 770 1240 post
789 1168 848 1224 dies
868 1175 930 1222 octo
952 1161 1048 1228 semel,
1059 1171 1086 1216 et
1137 1159 1244 1228 afferri,
1256 1161 1402 1218 ostendens
1417 1161 1454 1228 id,
1473 1162 1544 1232 quod
1557 1163 1643 1218 visum
1659 1161 1761 1231 bremt,
1776 1181 1828 1244 non
1840 1167 1917 1238 pban-

293 1280 405 1321 rursum.
423 1264 556 1329 avolar'nq
575 1272 666 1333 pastea
687 1261 722 1317 ad
742 1273 834 1323 mare,
848 1265 876 1314 et
894 1265 999 1312 rursum
1024 1267 1085 1308 curn
1139 1247 1307 1307 tasma'esse.
1324 1251 1359 1306 At
1374 1251 1418 1306 bie
1437 1257 1496 1306 non
1514 1248 1685 1322 dicit'ipsum
1703 1255 1851 1313 comedisse
1864 1243 1917 1316 curn

291 1358 378 1412 multu
402 1357 512 1412 timere.
524 1354 604 1422 aquid
628 1354 678 1410 sibi
700 1352 760 1407 vult
785 1349 873 1414 illud,
888 1344 1088 1418 llanifmtociti
1138 1345 1200 1401 iilis.
1217 1343 1303 1401 Lucas
1323 1361 1389 1402 vero
1406 1345 1470 1402 alibi
1492 1345 1557 1401 dicit
1572 1362 1579 1400 :
1595 1343 1630 1401 b't
1648 1361 1862 1405 convescentem
1873 1353 1918 1410 iilis

298 1445 522 1515 llice-liquidum
541 1455 605 1509 est,
632 1445 707 1500 illuns
727 1441 837 1498 nonnisi
861 1436 894 1494 es
922 1437 1087 1507 induigentia
1139 1437 1206 1510 (lat.
1216 1438 1241 1492 l.
1251 1435 1446 1508 i).·Quomodo
1456 1445 1557 1504 autem,
1568 1453 1621 1492 non
1633 1447 1753 1516 nostrum
1767 1449 1808 1496 est
1818 1441 1917 1501 dicere:

293 1536 486 1604 sumptuose,
500 1539 563 1608 quia
584 1539 641 1606 lam
662 1530 864 1602 incorruptibile
883 1537 913 1585 et
935 1527 1087 1583 immortale
1139 1527 1918 1604 modoenimperquammirabililraeeiactasant,nonquod

295 1634 480 1700 corpuserat.
503 1629 661 1685 curantem
680 1626 769 1682 locum
789 1623 967 1679 memoranti
979 1621 1015 1676 Ut
1031 1620 1087 1688 iarn
1139 1631 1232 1676 natura
1242 1621 1308 1677 cibis
1315 1621 1443 1695 deinceps
1454 1637 1522 1692 opus
1532 1621 1653 1688 baberet,
1669 1621 1716 1678 sed
1726 1637 1758 1680 er
1770 1623 1918 1696 indulgentia

196 1756 201 1767 =
293 1738 359 1780 eum
372 1737 470 1792 magna
483 1736 518 1776 es
531 1729 608 1792 parte
620 1728 722 1774 metum
738 1715 882 1773 abstulisse
892 1712 1037 1776 ostendat,
1053 1711 1087 1764 ita
1139 1711 1173 1768 ad
1193 1713 1397 1769 resurrectionis
1417 1711 1672 1785 demonstrationem
1694 1712 1753 1768 lracc
1766 1715 1889 1784 permisit.
2005 1727 2006 1798 }

295 1813 395 1883 utiam
406 1811 624 1876 donoeairent,
637 1818 667 1866 et
682 1809 891 1878 circumquaque
909 1803 1087 1878 ambularent.
1142 1845 1144 1856 ,
1176 1806 1202 1862 5.
1216 1802 1377 1862 Cirristumin
1387 1806 1455 1861 caelis
1468 1805 1552 1860 nidere
1573 1817 1650 1878 quant
1662 1803 1738 1858 dulce
1750 1809 1921 1875 spectaculum

296 1903 355 1959 Nun
367 1904 441 1960 erim
453 1901 569 1971 amplius
581 1899 658 1955 domi-
668 1913 698 1954 se
714 1894 962 1962 corstinebant,.sed
973 1893 1000 1947 in
1012 1892 1088 1948 Gali·
1140 1895 1219 1950 rimor
1240 1889 1335 1951 canus
1352 1911 1437 1951 rerum
1453 1905 1608 1951 terrenorum
1627 1893 1798 1963 contemptura
1808 1899 1878 1968 parit.
1889 1931 1919 1941 -
2005 1927 2006 1940 ι

181 2011 190 2026 “
297 1996 375 2052 laeam
388 1997 486 2060 ierant,
500 2003 560 2049 uta
573 1992 673 2049 ludaeis
686 1991 833 2062 periervlum
845 1988 1021 2044 declinarent.
1037 1981 1091 2040 ie·
1141 1985 1204 2041 llaec
1215 1985 1354 2042 audientes
1365 1985 1436 2043 leste
1447 1983 1620 2053 efferbuistis,
1636 1995 1664 2040 et
1678 1998 1737 2053 eos,
1752 1987 1795 2058 qni
1812 1999 1867 2043 cam
1879 1989 1919 2046 ille

297 2089 411 2158 nitergo
423 2085 518 2143 Simon
537 2086 681 2156 piscatum.
695 2084 763 2138 (ium
777 2083 850 2138 enirn
866 2095 922 2136 non
936 2081 1090 2148 trequenter
1141 2085 1229 2142 erant,
1244 2076 1338 2133 beatas
1353 2075 1529 2148 praedimstis,
1554 2089 1658 2132 necnon
1680 2089 1738 2141 eos,
1753 2079 1797 2147 qui
1810 2093 1865 2133 cnm
1878 2079 1919 2136 illo
2005 2077 2006 2138 ζ

295 2179 597 2242 cumillisversaretur‚
611 2175 725 2231 neudum
736 2173 1090 2254 Spiritesdatusesset,ne-
1142 2169 1225 2226 lutari
1245 2169 1309 2225 sunt
1331 2169 1357 2224 in
1387 2169 1506 2239 generali
1524 2157 1734 2224 resurrectione.
1755 2167 1842 2239 ltaque
1862 2171 1918 2226 nibil
2005 2181 2006 2220 ι

298 2285 354 2340 qne
365 2266 851 2340 adbuezquidpiam‘iiliioommissum
862 2275 949 2331 esset,
965 2261 1089 2334 necqaid
1141 2277 1195 2316 nna
1209 2271 1328 2332 agamus,
1350 2259 1575 2316 utadmirandarn
1590 2259 1663 2316 illam
1677 2259 1771 2316 laciem
1784 2261 1917 2320 videamus.
2005 2291 2006 2312 r

172 2363 176 2373 ⁴
298 2350 578 2436 laemnrtbsberent,
597 2358 730 2412 adertem
751 2369 827 2411 suam
849 2355 993 2410 redierant.
1012 2351 1091 2407 aab
1141 2353 1208 2410 Nam
1221 2355 1243 2410 si
1261 2367 1332 2409 nune
1344 2352 1483 2408 audientes
1503 2353 1543 2408 sie
1564 2351 1741 2417 incendimur,
1755 2353 1783 2408 et
1799 2351 1920 2410 desidera·
2005 2385 2006 2392 ι

298 2452 461 2508 σαιιιιίιπιιὶ
474 2446 1010 2517 8ὶιιοιιιιΤΙιοιιιω,ιιΝιιΙιαιιιιοΙςιι“α
1026 2443 1090 2499 Piti-
1142 2460 1203 2501 nnus
1224 2444 1278 2502 illis
1299 2443 1382 2500 livisse
1402 2443 1513 2509 diebus,
1544 2443 1622 2514 queis
1636 2443 1664 2498 ln
1679 2453 1750 2499 terra
1765 2443 1917 2512 versabatur,
2005 2429 2006 2502 J

300 2543 372 2614 lippo
389 2551 577 2608 meatuserut,
593 2541 681 2609 etfiiii
696 2538 829 2604 Zebedaei,
842 2539 924 2592 matii
940 2538 1002 2592 due.
1023 2535 1090 2591 Cam
1143 2551 1237 2592 vocem
1253 2535 1369 2604 audisse,
1385 2534 1480 2590 tactem
1492 2535 1604 2601 vidisse,
1620 2535 1781 2604 accessisse,
1803 2537 1919 2606 tetigisse,
2005 2543 2006 2570 ³

300 2631 368 2688 nibil
377 2646 445 2704 erqo
452 2631 582 2688 baberent
592 2631 664 2703 qnod
677 2631 803 2697 lacerent,
814 2630 941 2698 piscatum
954 2625 989 2684 se·
995 2634 1091 2683 contu·
1143 2629 1325 2694 ministrarem
1338 2626 1425 2698 cogita
1439 2627 1503 2698 qnid
1514 2628 1550 2683 sit
1566 2627 1640 2682 illum
1654 2627 1749 2684 ridere
1762 2644 1813 2684 non
1824 2629 1886 2684 ultra
1897 2629 1919 2685 ia
2005 2651 2006 2666 ι

300 2721 399 2786 lerunt,
413 2732 441 2779 et
453 2724 505 2778 boe
514 2731 592 2778 noma
607 2721 748 2787 iaciebaavt,
763 2721 835 2792 qnod
846 2720 1027 2776 formidarunt.
1036 2718 1092 2774 llce
1144 2718 1251 2773 mortali
1262 2731 1385 2788 corpore,
1402 2732 1490 2788 neque
1504 2716 1620 2773 bumana
1631 2717 1784 2784 facientem,
1798 2717 1842 2775 sed
1854 2733 1920 2790 anpe-
2005 2701 2006 2756 3

301 2812 544 2878 membresam
556 2811 609 2867 sed
620 2826 675 2866 non
691 2811 765 2867 idern
787 2811 874 2880 ipsmn
885 2851 894 2878 ,
907 2804 1001 2866 rerum
1019 2808 1092 2866 alind
1143 2803 1327 2877 instipatum,
1347 2809 1373 2861 in
1392 2807 1534 2863 immortali
1547 2821 1661 2878 corpore
1676 2809 1750 2864 illum
1763 2809 1918 2879 corispicere,

301 2901 413 2959 indicat.
425 2903 556 2958 dliivero
568 2901 691 2973 discipuli
703 2897 894 2972 sequebantai,
908 2899 980 2971 qnod
993 2913 1045 2954 nna
1058 2898 1092 2955 de
1144 2907 1172 2956 ot
1185 2897 1285 2967 reliqua
1298 2897 1350 2952 irui
1365 2897 1502 2963 felicitate,
1516 2893 1577 2968 quae'
1589 2911 1698 2956 omnem
1712 2907 1820 2964 superat
1830 2913 1921 2954 sermo·

301 2992 558 3064 relisquomajmcti
573 3001 684 3072 essent,
697 3000 726 3047 et
744 2991 823 3046 simul
848 2990 946 3046 vellent
957 2990 1093 3060 piscantes
1144 3007 1216 3048 nem.
1231 2989 1423 3060 Quamobrem,
1444 2991 1568 3058 obsecro,
1589 2991 1656 3050 nibil
1670 3008 1724 3047 non
1738 3005 1854 3064 agamus,
1867 3007 1920 3048 nea
2005 2997 2006 3062 ξ

302 3083 409 3148 ridere,
422 3095 504 3153 atque
522 3084 574 3139 boc
587 3084 642 3138 etio
654 3081 759 3154 placide
773 3082 835 3138 irui.
848 3081 994 3138 laborant
1007 3096 1091 3152 erpo,
1144 3082 1189 3140 tali
1199 3083 1282 3154 gioria
1297 3071 1461 3140 excidamus.
1473 3083 1543 3138 Nilril
1554 3084 1631 3140 adest
1642 3083 1763 3150 difficile,
1773 3085 1798 3140 -sl
1810 3085 1918 3150 velimus,
2005 3097 2006 3154 J

302 3176 494 3247 stprupedats
505 3176 607 3236 adstitit
617 3175 706 3240 iesus,
720 3190 807 3245 neque
820 3174 909 3229 statim
923 3188 1094 3244 sesecoqnn-
1145 3174 1380 3243 niiuloaerosum,
1395 3178 1416 3231 si
1433 3176 1613 3232 attendamus.
1637 3176 1707 3232 Nam
1728 3176 1759 3233 Si
1774 3178 1919 3244 sustinemur,
2005 3167 2006 3189 ¹

303 3265 434 3322 smmu-
445 3265 532 3330 dedit,‘
544 3275 572 3321 ut
583 3265 612 3319 in
625 3264 788 3335 colloquium
799 3264 933 3319 venirent.
949 3263 1018 3319 llicit
1029 3278 1095 3334 erqo
1144 3278 1169 3324 et
1183 3268 1390 3340 conregnabimus
1401 3270 1439 3343 (l.
1453 3268 1518 3323 Tivrr.
1530 3270 1557 3324 i.
1575 3268 1630 3341 li).
1645 3270 1715 3339 Quid
1729 3269 1770 3326 est
1782 3268 1852 3337 iilud,
1867 3262 1931 3325 sui
2005 3316 2006 3335 ,

303 3356 359 3414 illis
371 3357 424 3412 ad.
445 3354 578 3425 bmqmu
594 3354 788 3427 pulmentarium
806 3352 1093 3410 immutaturum-
1146 3358 1274 3414 tinemuri
1287 3359 1315 3415 Si
1335 3374 1469 3415 aerumnas
1489 3368 1516 3415 ct
1529 3362 1754 3432 persequutiones
1767 3362 1890 3424 ieramus:
1902 3361 1922 3414 si
2005 3358 2006 3397 i

302 3460 471 3527 manomme
484 3446 620 3517 loquitur,
631 3461 665 3503 ac
674 3447 697 3502 si
711 3456 849 3517 empurros
863 3445 963 3517 aliquid
976 3447 1094 3503 essetab
1147 3452 1173 3507 ia
1187 3434 1430 3507 arcta'ineedamus
1445 3452 1497 3507 via.
1520 3454 1602 3507 breta
1623 3453 1697 3509 enim
1718 3454 1761 3509 via
1779 3462 1865 3507 natura
1881 3466 1921 3505 sna
2005 3472 2006 3483 ι

305 3537 357 3601 01⁵2
364 3534 436 3599 cam
447 3552 479 3595 se
492 3538 558 3593 nitet
570 3538 672 3595 battere
682 3537 813 3604 dicerent,
821 3537 901 3608 jmsit
913 3536 947 3592 ed
956 3537 1094 3593 demmin
1146 3544 1280 3600 laboriosa
1294 3553 1345 3609 est,
1358 3544 1406 3599 sed
1419 3545 1540 3600 instiurto
1553 3544 1697 3601 voluntatis
1710 3545 1794 3601 levior
1806 3544 1921 3608 eflicitur,
2005 3538 2006 3541 ’

306 3632 534 3688 retemittizcum
542 3632 688 3696 mmmmm.
701 3639 840 3700 ceperant.
853 3630 986 3686 litantem
996 3644 1096 3702 cogna-
1146 3649 1195 3706 spe
1208 3634 1368 3689 luturcrnm.
1381 3635 1448 3691 Nam
1471 3634 1547 3703 Quod
1560 3636 1588 3691 in
1602 3637 1722 3703 presenti
1738 3638 1921 3691 neomeniarum
2005 3696 2006 3699 Ἴ

306 3730 404 3778 rerum
415 3720 500 3788 trram,
509 3731 572 3778 mne
583 3722 764 3793 propr-anunm
777 3720 1001 3778 numerumn
1010 3720 1095 3777 disei-
1147 3730 1923 3803 ureaamerrarmnm,supranoeumanmsanamma-
2005 3738 2006 3741 ι

306 3813 373 3883 puli,
388 3813 658 3875 Petrasetioannes.
672 3816 720 3871 lile
733 3815 887 3879 lerventior‚
899 3814 943 3870 bie
955 3815 1096 3871 sublimior
1147 3836 1209 3875 num
1222 3822 1310 3893 pieriae
1322 3822 1421 3893 pondus
1435 3832 1564 3893 operetur,
1580 3838 1631 3877 non
1649 3819 1872 3894 corrtenrpiantibus
1882 3832 1922 3870 ne·
2005 3818 2006 3825 ’

257 3977 262 3986 ,
307 3906 1096 3995 ⁰1⁸¹?llbbffflbllill'fflbbicpinpieaciorddeodoan:
1147 3912 1387 3985 diequmuidentur,
1406 3914 1449 3967 sed
1463 3928 1521 3983 quea
1534 3912 1715 3967 concidentur
1728 3912 1765 3984 (2.
1780 3910 1836 3967 Cor.
1849 3905 1921 3963 tit.
2005 3894 2006 3939 ἕ

308 4013 359 4056 rtet
376 4000 556 4071 priorissam
570 4002 706 4071 coqnuvit,
719 4000 815 4055 Petrus
827 4000 901 4069 prior
913 3999 988 4055 lllnm
1007 4000 1094 4056 adlit:
1149 4006 1206 4077 l8).
1219 3992 1422 4061 Transieramus
1438 4005 1518 4076 igitur
1532 4004 1625 4061 oeulos
1638 4007 1672 4061 ad
1687 4006 1792 4070 caelum,
1807 4011 1832 4057 et
1843 4012 1923 4071 perpe·

307 4092 478 4162 nequeenim
487 4092 591 4149 modica
603 4093 678 4163 dqrm
691 4090 1095 4159 emnv.Qaaeramittati>rirn0,
1149 4106 1195 4153 tuo
1206 4098 1255 4174 illa,
1265 4098 1453 4169 imaginemur,
1466 4107 1493 4153 et
1503 4098 1689 4169 inspiciamus.
1713 4097 1779 4153 llum
1795 4094 1816 4150 sl
1832 4102 1924 4160 semper

308 4184 379 4255 quod
390 4184 665 4255 ‘multipiscescaptl
683 4193 798 4240 esseut:
813 4183 930 4250 deinde,
951 4184 1020 4255 qnod
1040 4194 1111 4241 rete
1149 4189 1176 4243 in
1192 4188 1244 4243 illis
1258 4203 1407 4253 versemur,
1429 4202 1516 4258 neque
1530 4188 1622 4243 suavia
1641 4188 1722 4259 liujus
1740 4186 1800 4240 vitae
1814 4197 1860 4238 nos
1873 4177 1923 4234 alli·

307 4291 361 4332 noa
371 4277 485 4333 rebeum
496 4276 589 4333 luisset
602 4276 698 4341 rbinc,
708 4276 877 4347 quodprius,
888 4291 969 4348 quam
981 4291 1096 4335 exscen·
1148 4280 1231 4344 cient,
1249 4292 1335 4349 neque
1356 4278 1441 4333 tristia
1463 4278 1576 4334 virolcste
1591 4279 1726 4343 loremns;
1741 4275 1823 4331 sedet
1835 4272 1886 4325 lvacc
1902 4274 1924 4322 et
2005 4316 2006 4319 ,

307 4365 418 4433 decent,
431 4383 533 4438 prunas
545 4368 713 4432 invenirent,
729 4368 884 4439 appositum
893 4370 994 4441 piscem
1005 4381 1034 4426 et
1049 4387 1096 4442 pa·
1141 4369 1246 4423 similia
1265 4368 1445 4433 irridebinrus,
1471 4368 1591 4437 nilvilque
1613 4382 1663 4422 nos
1684 4366 1727 4423 vel
1743 4367 1769 4421 ia
1784 4361 1923 4419 servitutem

307 4470 380 4513 nem.
399 4456 494 4528 lleque
510 4460 634 4527 enimes
649 4458 903 4528 subjectasmateria
918 4462 945 4517 id
963 4462 1096 4525 iaciebat:
1151 4461 1283 4532 redigere,
1298 4460 1339 4517 vel
1352 4460 1482 4517 extollere
1496 4460 1610 4530 poterim
1626 4462 1647 4516 si
1665 4459 1745 4516 modo
1758 4456 1819 4512 illuc
1832 4460 1924 4517 semper
2005 4466 2006 4525 }

307 4546 480 4617 quodumm
498 4549 701 4619 pmqoamdam
719 4548 944 4619 dispensationem
959 4561 1097 4609 antecra-
1143 4552 1284 4608 desiderio
1301 4550 1450 4616 tendamus,
1475 4551 1497 4605 si
1512 4546 1922 4607 illamdilectionemintueamur.
2005 4572 2006 4609 3

307 4638 468 4696 cembeere
479 4640 595 4696 solebat.
617 4639 667 4697 Ubi
679 4650 768 4699 antem
780 4642 856 4697 illam
866 4645 991 4715 agnovit,
1008 4646 1098 4700 omnia
1152 4642 1185 4697 lit
1202 4642 1265 4713 qaid
1278 4642 1349 4707 dieo,
1370 4641 1405 4696 de
1419 4641 1596 4711 presentibus
1609 4642 1687 4697 malis
1701 4654 1754 4695 non
1769 4626 1925 4692 dolebimus?

227 4785 230 4791 <
307 4730 439 4798 biblici,
457 4740 484 4785 et
503 4732 633 4800 piseeset
643 4732 710 4788 retia
723 4769 732 4798 ‚
745 4749 829 4804 seque
845 4735 980 4790 edomavit
992 4735 1098 4793 Petras.
1151 4732 1244 4803 Neque
1256 4732 1300 4788 illa
1313 4738 1407 4801 postea
1421 4732 1514 4787 videre
1524 4730 1687 4801 putabimus.
1705 4727 1777 4785 Talis
1790 4732 1828 4779 est
1840 4720 1926 4789 qnippe

310 4818 407 4875 Videni
418 4824 633 4879 etreverentiam
652 4824 873 4882 etdesideriumi
885 4827 963 4897 Atqui
978 4826 1101 4886 ducentis
1152 4838 1238 4879 arnor.
1261 4823 1322 4878 lllos
1334 4823 1405 4877 enirn
1420 4823 1464 4892 qui
1478 4822 1605 4879 absentes
1619 4832 1698 4886 sunt,
1712 4833 1783 4891 quos
1800 4820 1925 4901 aurantius.

311 4911 408 4967 cubitis
418 4912 541 4979 abarana
552 4915 601 4969 sed
612 4916 786 4985 nequeillarm
799 4917 861 4971 navi
874 4917 948 4971 adire
962 4918 1099 4987 sustinuit,
1134 4948 1136 4953 ,
1152 4915 1271 4986 quotidie
1293 4913 1469 4984 imaginamur
1483 4932 1490 4970 a
1506 4928 1601 4985 magna
1614 4917 1713 4986 quippe
1733 4919 1774 4967 est
1792 4897 1930 4961 dilectionis.

309 5015 403 5056 vesum
415 5003 533 5059 natando
550 5006 632 5061 venit.
645 5006 715 5073 erid
737 5021 803 5076 ergo
813 5006 911 5062 lesasl
922 5006 973 5061 li.
993 5007 1100 5077 Venite,
1154 5005 1283 5077 tyrannis,
1298 5004 1333 5059 ab
1344 5006 1469 5060 onrnibus
1481 5006 1614 5071 abscedit,
1629 5016 1657 5063 et
1668 5011 1764 5061 amatae
1776 4998 1813 5055 rei
1826 4992 1924 5048 animan

310 5090 704 5162 lunilacunensium
724 5096 833 5150 undrim
852 5112 910 5151 mnu
926 5098 1100 5168 interrepere.
1154 5096 1271 5166 colligat.
1283 5095 1311 5150 si
1327 5096 1362 5149 ita
1374 5094 1510 5151 Christum
1525 5102 1686 5163 emeremus,
1707 5092 1795 5151 omnia
1807 5086 1847 5141 lale
1862 5077 1926 5137 nobii

310 5180 435 5253 Nomium
448 5187 554 5243 salitam
563 5186 830 5252 iiduciarndvabebant
839 5189 1006 5259 etloqucndi
1020 5190 1102 5244 liber·
1154 5185 1356 5253 craebra-amm
1373 5190 1460 5258 imago
1472 5196 1500 5244 et
1513 5188 1646 5243 somnium
1661 5186 1821 5243 viderentur.
1835 5174 1925 5227 bicare-

313 5280 409 5341 Μαι,
419 5279 552 5348 nequead
564 5280 638 5333 illam
652 5279 769 5347 roqaruri
783 5266 963 5343 amedebanu
979 5279 1028 5335 sed
1040 5294 1101 5337 cum
1156 5295 1215 5335 nnus
1224 5290 1252 5336 et
1266 5296 1314 5335 nos
1330 5280 1414 5345 :eris
1428 5296 1473 5334 nos
1486 5280 1614 5351 separabit
1627 5280 1758 5334 ecaritate
1771 5260 1878 5327 Christi?
1887 5258 1925 5309 ai·

276 5379 278 5386 '
313 5365 436 5434 'llfflffib
450 5370 589 5434 limitet
599 5369 858 5441 reverentiamque
870 5371 999 5427 weisunt
1011 5371 1049 5425 illi
1061 5378 1102 5425 at·
1155 5369 1251 5425 tutatio
1269 5370 1434 5441 aeluriqastin
1455 5370 1542 5441 (lione
1559 5370 1585 5425 8.
1602 5367 1744 5440 bilillon
1762 5358 1839 5420 dixit,
1858 5361 1930 5447 pecu.
2005 5410 2006 5415 ἵ

313 5457 463 5516 κιιιὶωωι.
477 5460 823 5518 Sbieianteaimbonainum
834 5463 1028 5534 camelumque
1048 5464 1102 5517 'aon
1157 5466 1211 5531 nia,
1233 5463 1342 5528 divitiae,
1365 5436 1924 5534 antiorma(becqnippeadinndmu'illi
2005 5504 2006 5507 ,

314 5544 609 5627 {omniamodis
625 5557 1102 5629 esiiormatequetvidentes'nlium,
1157 5566 1221 5613 sunt
1240 5552 1266 5612 et
1286 5554 1666 5628 ridiculal;sedqrrmgrav·ia
1683 5542 1921 5630 videntnr'csscbu·
2005 5596 2006 5601 η

314 5648 425 5704 temone
443 5648 560 5719 planans,
574 5650 717 5707 admodum
732 5648 1113 5722 percvrlsieranv,rolebant··
1160 5651 1225 5716 suit,··
1239 5648 1347 5713 laniem,
1363 5650 1598 5723 persequutiones,
1613 5656 1720 5705 mortes.
1737 5632 1813 5721 dtqu
1829 5622 1924 5729 illel-ui
2005 5652 2006 5661 ¹
