4084 6350
159 265 310 382 ,aa

180 411 217 472 e'tt
227 419 339 486 maadi,·
350 428 389 490 et,
403 421 556 484 Sicatntieit
570 445 610 484 ms
620 431 701 487 ritant
715 432 803 506 Pater,
821 446 846 496 et
858 454 904 508 eqo
917 439 972 494 aito

180 517 283 580 propter
298 507 422 580 Palmum
442 523 480 584 et,
497 518 528 572 de
548 519 610 576 calo
625 524 752 590 descendi,
768 527 812 586 ille
827 529 970 590 difficulta-

178 608 230 658 tem
243 602 335 660 solvit.
351 605 401 676 Qui
415 608 486 666 enim
501 610 600 684 aliquid
615 631 738 688 magnum
751 617 786 675 de
796 635 826 678 se
840 621 968 693 loquitur,

176 703 318 765 suspectus
340 699 392 755 erit
406 690 538 758 mendacii
551 719 558 770 ;
573 705 618 778 qul
638 723 704 764 tero
719 710 779 764 talia
793 710 890 770 deiude
903 715 968 794 sub-

175 783 223 851 dit,
248 802 358 846 omnem
380 791 450 847 tollit
469 794 657 865 suspicionem.
673 797 743 856 Niltil
766 817 830 859 tero
842 819 895 862 nou
914 807 969 883 agit

173 891 204 933 aa
218 877 295 948 dicit,
311 897 345 937 ue
359 893 452 954 putent
464 902 525 942 eum
538 902 597 944 esse
606 887 715 964 iosephi
729 891 823 950 lilium.
834 893 891 952 Nou
903 913 968 976 erqo

172 969 230 1027 ltere
255 971 333 1042 dixit,
363 985 393 1032 ut
419 979 572 1036 scandalum
598 974 787 1058 augeietsed
800 997 829 1046 ut
850 990 964 1050 tolleret.

170 1059 297 1134 Quisquis
309 1065 382 1121 euim
397 1081 458 1124 eum
472 1067 555 1127 fllium
567 1071 676 1146 loseplti
687 1085 815 1148 putasset,
827 1079 897 1138 dicta
910 1099 966 1142 nau

169 1155 344 1226 accepissem
359 1159 404 1231 qul
426 1174 491 1218 vero
505 1177 649 1234 persuasus
661 1179 732 1226 esset
750 1171 837 1244 ipsum
851 1174 884 1232 de
898 1175 964 1234 caelo

167 1244 353 1318 descendisse,
368 1259 394 1307 et
405 1265 439 1308 eo
450 1255 623 1313 ascenstirum
635 1275 694 1316 esse
704 1259 808 1320 facilius
820 1264 962 1324 libentius-

165 1351 219 1412 que
243 1338 325 1398 dietis
346 1341 515 1401 attendisset.
535 1346 591 1403 Sub
605 1349 662 1408 haec
674 1352 753 1408 aliam
767 1355 877 1413 adduxit
886 1355 962 1422 saltt-

165 1431 268 1488 tionem
283 1451 291 1489 t
308 1431 353 1491 tt.
370 1434 538 1507 Spiritaaett,
552 1439 646 1512 inquit,
657 1445 701 1516 qui
709 1448 828 1519 aiaificat,
841 1468 901 1510 caro
910 1471 962 1510 ttart

165 1524 269 1590 prodest
292 1527 430 1598 quidquam
443 1531 518 1605 :boa
543 1541 594 1600 est,
618 1535 683 1603 Qua
707 1538 742 1595 de
766 1557 809 1598 nte
823 1543 958 1618 dicuutur,

162 1615 341 1684 spiritualiter
349 1629 412 1676 sunt
425 1621 579 1694 accipienda
591 1643 598 1680 ι
615 1641 676 1684 nam
691 1631 737 1703 qui
750 1636 894 1693 carnaliter
911 1654 960 1696 au-

162 1706 210 1772 dit,
225 1706 293 1762 rrilil
308 1708 434 1786 lucratur,
458 1714 525 1770 nihil
538 1716 654 1788 prolicit.
670 1717 785 1780 Garama
807 1735 867 1786 erat
878 1727 958 1788 dahi-

162 1807 219 1854 tare
231 1801 369 1871 quomodo
381 1802 415 1860 de
427 1805 493 1862 carlo
503 1805 695 1881 descendisset,
708 1807 856 1888 putareque
869 1819 957 1892 ipsum

69 1886 73 1894 ’
160 1903 221 1948 esse
243 1893 327 1948 lilium
351 1893 478 1968 laseplti;
501 1913 606 1958 necnon
629 1903 705 1974 illud,
729 1907 861 1976 Quomodo
874 1923 957 1984 pateat

160 1981 347 2040 satietatem
358 2003 430 2042 mant
440 1989 855 2064 dareadmandacartdatmillare
865 2007 956 2065 omnia

159 2076 295 2145 cernelie3
311 2091 371 2148 quae
383 2081 525 2152 oportebat
544 2088 658 2158 mystice
678 2097 706 2147 et
723 2093 897 2164 spiritualiter
911 2101 951 2162 in·

159 2167 344 2240 elligerent
367 2175 503 2250 quomodo
518 2183 778 2264 poteranqinquies,
804 2189 954 2264 intelligere

157 2259 223 2330 quid
233 2269 307 2317 esset
319 2277 427 2320 carnem
438 2267 601 2328 comederet
612 2271 760 2352 Oportebat
769 2289 843 2338 certe
855 2291 954 2355 appar·

157 2360 250 2406 turtum
267 2360 373 2425 tempm
395 2367 551 2429 exspectare
564 2369 592 2418 et
619 2363 797 2440 interrogare,
813 2387 863 2430 nec
880 2375 954 2433 desi·

156 2451 237 2500 atera.
258 2442 343 2502 tut·
364 2463 423 2519 qaae
443 2467 489 2524 epa
511 2451 628 2524 damaim
640 2472 697 2513 tam
717 2461 796 2530 adiit,
810 2465 953 2534 spirituaet

157 2536 207 2590 tite
218 2545 298 2603 teat:
310 2537 338 2594 id
352 2547 404 2610 est,
418 2541 508 2599 divina
523 2555 551 2603 et
562 2546 708 2618 spiritualia
724 2563 797 2622 sunt,
821 2555 887 2615 nibil
900 2559 951 2616 ba·

158 2625 219 2684 tout
241 2631 360 2700 mraele,
388 2647 439 2691 nec
463 2639 613 2697 naturalem
640 2647 878 2717 consequentiam
901 2653 951 2710 sed

157 2723 227 2778 amnt
251 2722 406 2796 hujusmodi
426 2733 596 2801 necessitate,
621 2746 649 2793 et
671 2736 749 2810 ltujus
771 2742 832 2800 vitae
847 2743 950 2820 lapibus

157 2811 327 2880 liberasum,
343 2816 478 2892 aliamque
503 2832 529 2880 et
553 2823 687 2884 diversum
711 2843 818 2888 sensum
837 2833 946 2896 babent.

156 2901 229 2960 mett
240 2919 308 2977 erqo
320 2906 371 2964 ltee
383 2910 444 2968 loce
464 2913 587 2985 spiritum
606 2933 656 2991 pro
673 2909 856 2994 spiritualibus
868 2929 946 2998 dixit,

153 2997 190 3052 eia
204 3012 268 3052 aem
277 3013 386 3058 earnem
398 3002 472 3072 dielt,
483 3019 535 3062 nou
548 3011 664 3068 earnalia
678 3013 816 3089 intelligia
829 3019 876 3076 sed
887 3037 946 3078 car-

153 3087 250 3145 naliter
268 3103 315 3147 ees
336 3093 435 3150 audire'
451 3095 613 3170 subindicat,
637 3105 682 3183 qui
705 3119 813 3180 semper
827 3114 946 3170 carnalia

152 3180 307 3249 eripiebam,
326 3189 387 3240 cour
411 3190 575 3259 oportuisset
595 3194 742 3265 spiritualia
764 3210 901 3275 appetere.
917 3208 946 3265 Si

151 3271 209 3341 qais
221 3273 296 3329 uita
308 3274 357 3332 ltoe
371 3280 516 3339 partialiter
525 3286 647 3358 accipiat,
659 3290 726 3347 nibil
736 3292 864 3352 lucratur.
875 3296 945 3367 Quid

149 3362 234 3431 capot
244 3378 279 3418 eu
291 3380 357 3423 earo
370 3370 428 3440 elus
441 3384 494 3429 uon
506 3383 547 3431 est
556 3380 639 3435 corut
653 3380 698 3436 list
710 3393 792 3441 certe.
804 3384 944 3459 Quomodo

150 3467 214 3524 espa
226 3456 306 3523 disit,
319 3458 385 3519 (iero
399 3478 450 3517 aaa
463 3466 567 3535 Μαι
577 3471 739 3543 quidquam!
750 3474 807 3533 Non
820 3478 943 3539 decarne

150 3558 195 3605 aaa
210 3548 345 3621 iutettimt,
370 3554 458 3620 absit:
481 3558 530 3614 ted
550 3560 628 3619 delis
642 3567 687 3636 qui
708 3567 777 3624 tlicta
799 3574 943 3631 carnaliter

150 3642 312 3710 eommut-
338 3646 406 3715 Quid
428 3659 471 3705 est
493 3662 583 3711 eutem
606 3642 752 3719 carnaliter
771 3658 941 3740 intelligeret

149 3730 287 3803 imputet
312 3738 641 3821 sinpliciter-latebimus,
658 3768 744 3824 neque
770 3756 839 3815 ultra
861 3762 940 3831 quid-

149 3829 217 3895 piam
244 3833 407 3902 excamiare.
434 3836 489 3893 llac
513 3848 555 3895 est
581 3846 724 3903 carnaliter
748 3850 849 3908 uidete.
879 3854 938 3911 Nan

146 3930 252 3987 oportet
264 3934 353 3981 arsen
364 3926 398 3981 de
413 3928 445 3983 iis
460 3944 521 4001 quae
533 3933 657 3991 uidentur
670 3938 706 3994 ita
715 3940 844 4015 judicium
856 3942 936 4017 lame,

143 4012 190 4069 sed
215 4016 308 4071 anaia
333 4021 458 4089 mysteria
479 4024 652 4083 interioribus
666 4032 751 4088 oculis
771 4038 935 4107 perspicere,

143 4100 236 4171 idest,
251 4106 435 4176 opinantium.
451 4114 491 4167 ltu
506 4115 529 4170 is
542 4118 586 4187 qui
599 4134 654 4175 nae
668 4125 811 4183 munducat
827 4144 936 4189 caruem

142 4194 212 4265 eius,
227 4214 278 4253 tres
291 4198 357 4257 bibit
379 4204 437 4275 Qus
457 4210 623 4280 serissiuem,
640 4230 693 4271 nott
708 4217 791 4276 ltabet
811 4224 892 4281 uitam
909 4227 936 4282 itt

142 4289 290 4360 aemedpeu
304 4309 310 4347 :
323 4294 461 4363 quamodo
483 4314 547 4371 erqo
569 4318 632 4360 earo
658 4324 710 4365 non
727 4314 834 4381 prodest
855 4318 933 4387 quid·

140 4392 232 4449 quate,
247 4381 306 4439 ebro
317 4399 432 4455 qttentm
448 4397 713 4460 possumusutveret
728 4402 833 4461 Nande
852 4424 934 4467 carue

141 4470 223 4540 indes
238 4472 472 4538 laederemus
487 4484 571 4553 tides,
585 4490 633 4543 sed
647 4491 681 4547 de
693 4496 794 4550 carnali
808 4498 934 4555 audiendi

140 4564 231 4623 uada
246 4566 294 4627 Gd-
307 4567 361 4625 aad
371 4582 432 4630 teat
442 4576 545 4645 quidum
565 4594 597 4633 ee
608 4580 677 4637 tatia
688 4585 732 4655 qui
746 4600 797 4641 aaa
814 4590 930 4647 credam.

139 4656 256 4716 ttumuta
280 4672 331 4727 pro
348 4670 424 4721 ruere
435 4678 487 4726 sue
498 4668 654 4739 dicatam
668 4675 756 4731 tersis
768 4676 868 4748 adjicit.
888 4681 932 4738 lu·

139 4754 252 4816 tuusque
261 4748 381 4817 preadicit
395 4764 425 4811 et
435 4759 561 4829 ostende,
576 4776 608 4817 aa
618 4778 675 4819 nas
693 4773 723 4820 ut
733 4766 848 4837 pumat
860 4772 933 4843 apud

135 4828 196 4894 llos
214 4847 350 4907 ιιβιιιιι,
367 4843 415 4903 ted
437 4849 510 4919 qaod
530 4864 625 4910 esau
644 4856 726 4917 tamt
752 4870 929 4939 prospiceret,

134 4920 299 4991 bedleem.
310 4933 454 4995 condicit
464 4942 700 5017 ammoniatam,
711 4951 859 5023 discipulas
869 4960 931 5013 eut·

134 5014 220 5078 duait.
234 5020 315 5085 latitia
337 5038 452 5098 umam
474 5031 593 5103 diretta,
609 5036 643 5091 la
657 5040 756 5098 Mittis
769 5058 820 5111 sta,
831 5058 856 5101 et
876 5064 932 5107 nott

132 5109 276 5174 “diditdt
288 5114 368 5183 taidi:
381 5118 427 5179 itia
450 5136 524 5189 tetta,
540 5124 609 5185 Stet
621 5131 728 5200 arelate

123 5764 246 5837 tonitam
266 5770 315 5829 ted
329 5782 358 5831 ut
371 5776 431 5847 eitra
454 5786 650 5851 prescientiam
675 5790 916 5869 intelligamusque
968 5810 1165 5872 necessitatisa

465 313 470 320 “
559 371 562 378 ,
659 317 693 376 tlt
710 317 867 378 totamm
887 321 1001 384 dotti.
1024 320 1128 386 iltt'tt.
1150 336 1186 392 al.
1206 337 1300 398 ΧΙΝΙ.

1026 442 1115 514 ipsum
1128 458 1191 508 ante
1203 450 1262 510 lrcc
1277 457 1369 527 uerba,
1391 477 1480 535 nsque
1500 481 1641 545 postquam
1662 478 1701 538 itt
1720 486 1818 552 oltertst

1026 550 1270 615 murmuraverant,
1293 551 1456 620 proditorem
1469 562 1593 632 notium
1615 568 1643 624 id
1662 575 1734 643 quod
1747 579 1818 638 diri·

1023 625 1115 684 uitatis
1128 643 1195 689 erat.
1210 636 1311 696 lleiutle
1321 643 1422 713 adjicit,
1437 648 1497 706 Nisi
1510 655 1586 724 merit
1598 661 1622 714 ei
1634 663 1725 722 darete
1736 671 1813 726 deae·

1021 735 1098 790 pera
1113 721 1193 782 Patre
1205 745 1269 797 uteo,
1285 735 1401 794 suadens
1414 743 1454 798 eis
1467 755 1495 802 ut
1515 746 1623 808 Patrem
1637 771 1721 830 sautu¹
1735 777 1814 833 puta·

1021 821 1083 867 rent
1104 814 1199 886 Deum,
1218 837 1272 878 uon
1294 825 1451 898 losephum,
1474 847 1502 894 et
1523 845 1669 904 osteudens
1682 867 1739 908 rem
1760 869 1814 916 nau

1020 911 1082 959 esse·
1104 908 1250 979 culparem,
1272 915 1299 970 iu
1320 933 1384 978 euru
1396 926 1508 986 eredere
1522 951 1530 987 ε
1546 949 1579 990 sc
1590 937 1614 992 si
1624 938 1737 1010 diceret,
1754 949 1813 1007 Noa

1021 993 1139 1064 turbant,
1153 1015 1210 1056 nou
1222 1003 1437 1077 obstupefaciant
1456 1034 1510 1088 me,
1531 1027 1576 1095 qui
1599 1043 1653 1086 naa
1673 1036 1811 1100 creduut:
1846 1050 1850 1063 '

1018 1080 1137 1156 traciam
1152 1091 1217 1148 olim
1229 1097 1292 1154 uati
1301 1110 1445 1175 antequam
1459 1110 1537 1170 deret
1550 1132 1559 1172 a
1572 1121 1634 1176 uoti
1649 1125 1812 1194 quibusnam

1004 1163 1006 1168 ’
1017 1173 1098 1233 Pater
1108 1178 1222 1240 dederit.

1051 1266 1079 1324 5.
1099 1269 1166 1328 Cum
1185 1275 1251 1336 illud
1264 1282 1352 1354 audis,
1369 1287 1454 1359 Dedit,
1473 1310 1509 1352 rte
1530 1308 1609 1368 putet
1624 1289 1684 1364 esse
1706 1323 1809 1374 sortem

1015 1363 1176 1435 quamdaru;
1190 1371 1238 1427 sed
1250 1377 1331 1434 crede
1344 1394 1407 1438 eum
1418 1387 1464 1455 qui
1481 1403 1512 1446 se
1524 1390 1633 1463 dignum
1654 1403 1810 1476 prebuerit,

1015 1450 1042 1506 id
1055 1455 1187 1528 accipere.
1200 1463 1244 1520 66.
1261 1466 1303 1524 Es
1315 1470 1363 1526 itae
1375 1477 1449 1532 matti
1466 1481 1651 1551 discipularum
1664 1495 1721 1565 ejas
1738 1499 1810 1554 adie-

1013 1553 1074 1598 rant
1096 1558 1173 1617 retra,
1199 1563 1223 1608 et
1239 1557 1297 1627 joaa
1319 1578 1370 1618 aaa
1391 1581 1449 1624 cate
1472 1572 1518 1628 itia
1535 1578 1709 1641 ammaimt.
1726 1586 1810 1649 tieem

1012 1641 1242 1712 evangelistarum
1256 1649 1335 1722 dixit,
1347 1655 1538 1731 Recesseruut,
1556 1671 1614 1737 aad,
1628 1674 1752 1734 Adimam
1763 1699 1807 1738 te·

1012 1735 1061 1796 tro,
1083 1737 1229 1796 ostendens
1250 1757 1267 1798 a
1289 1748 1396 1806 uirtutis
1418 1755 1540 1824 protecta
1560 1764 1676 1837 excisas,
1699 1778 1727 1828 et
1746 1789 1809 1835 mm

1011 1834 1091 1892 quam
1115 1827 1180 1886 alim
1203 1832 1354 1901 habuerant
1374 1844 1455 1904 iidem
1478 1847 1724 1925 perdidissemus
1744 1883 1807 1929 sees

1009 1909 1209 1978 abscinderent.
1224 1924 1324 1986 ieram
1345 1931 1487 1996 duodecim
1508 1943 1548 2000 illi
1568 1962 1623 2006 nou
1641 1950 1717 2011 itaer.
1731 1957 1807 2027 Que-

1010 2017 1122 2078 prapter
1134 2010 1201 2070 dixit
1224 2016 1291 2086 illis,
1313 2023 1358 2080 67.
1372 2025 1506 2100 Naraqttid
1516 2046 1541 2092 et
1553 2052 1598 2095 tae
1619 2044 1696 2102 nbis
1715 2050 1808 2110 atoat

1007 2098 1154 2158 ostendeus
1177 2122 1210 2164 se
1232 2109 1337 2170 illamm
1348 2119 1499 2180 ministerio
1513 2137 1541 2184 et
1561 2132 1635 2193 cultu
1646 2151 1700 2194 nott
1712 2155 1805 2214 eque,

1007 2202 1095 2260 ueqtte
1117 2192 1178 2250 idea
1199 2197 1262 2256 illos
1283 2207 1494 2272 circumducere.
1509 2218 1650 2288 Quomodo
1665 2231 1739 2290 caint
1751 2235 1805 2294 illis

1007 2294 1076 2351 opus
1090 2281 1191 2345 babere
1204 2295 1291 2362 potuit
1303 2299 1350 2370 qui
1369 2300 1427 2360 ltaec
1447 2305 1534 2366 disitt
1547 2312 1600 2370 Cur
1611 2331 1661 2376 eos
1678 2335 1733 2382 aaa
1746 2325 1805 2385 lae·

1006 2369 1096 2430 davit?
1109 2392 1158 2435 cur
1171 2397 1226 2440 nau
1241 2391 1416 2458 praedicauit
1428 2397 1530 2472 Prista,
1542 2413 1571 2463 ut
1583 2410 1704 2481 magistri
1716 2416 1804 2490 atesi·

1005 2471 1089 2523 tatem
1099 2484 1233 2562 seruaret,
1256 2491 1336 2554 atque
1358 2495 1387 2542 ut
1407 2492 1573 2566 ostenderet,
1587 2502 1629 2558 sia
1649 2505 1715 2564 illae
1731 2512 1803 2571 tradi

1004 2563 1168 2632 oportuisse.
1181 2567 1249 2627 Νιιιι
1261 2574 1286 2656 si
1301 2575 1445 2651 laudasset,
1460 2596 1585 2654 mtautet
1596 2601 1749 2667 eeqratien
1761 2604 1802 2664 titi

1004 2655 1174 2726 prestitisse,
1196 2661 1298 2734 aliquid
1319 2668 1465 2732 ltumaaum
1487 2684 1560 2750 passi
1584 2684 1722 2750 luissent:
1736 2711 1800 2756 cta

1003 2753 1093 2802 autem
1108 2751 1225 2810 ostendit
1238 2769 1269 2812 se
1278 2757 1385 2818 illorum
1399 2781 1454 2824 aua
1465 2785 1548 2842 egere
1560 2781 1698 2849 eastitatis
1714 2790 1800 2860 magis

1001 2847 1051 2891 eos
1071 2842 1214 2900 continuit.
1239 2847 1271 2904 Et
1293 2853 1477 2916 animadverte
1497 2878 1578 2935 quam
1603 2875 1800 2941 pmdentcrle-

1001 2938 1108 3000 quatur.
1124 2933 1184 2992 Naa
1194 2938 1271 3008 dixit,
1286 2945 1385 3006 Abire:
1399 2951 1428 3008 id
1441 2955 1516 3034 eninr
1524 2963 1680 3032 repellentis
1692 2970 1797 3044 bissem

1000 3022 1048 3078 sed
1062 3023 1219 3102 interrogat,
1234 3034 1304 3094 Num
1317 3050 1340 3094 et
1353 3056 1397 3101 aaa
1409 3049 1485 3107 tabu
1494 3051 1585 3110 abire?
1597 3059 1674 3127 Quod
1687 3077 1798 3128 mosem

999 3118 1138 3180 auferebat
1151 3129 1204 3184 tim
1218 3139 1247 3188 et
1259 3121 1461 3213 necessitatem,
1474 3160 1509 3203 aa
1521 3148 1625 3217 pudore
1642 3154 1796 3220 detineren-

1000 3215 1053 3271 tttr,
1069 3212 1159 3269 sedet
1178 3221 1293 3291 qratiam
1310 3224 1450 3288 taberent.
1474 3235 1544 3293 Cant
1556 3248 1646 3306 wicus
1666 3247 1727 3308 ittet
1740 3269 1796 3314 tran

998 3300 1088 3373 palam
1102 3312 1248 3377 accusavit,
1263 3316 1310 3373 sed
1334 3321 1456 3384 modeste
1478 3329 1576 3401 tetiqit
1597 3339 1794 3414 demadtqtto·

997 3396 1080 3452 modo
1093 3412 1217 3471 oporteat
1229 3407 1256 3461 ia
1268 3410 1404 3471 sitnililtus
1423 3418 1617 3493 philosophati.
1636 3430 1792 3499 metatu

993 3484 1056 3561 jure
1066 3498 1200 3552 contraria
1213 3502 1340 3571 patiruur,
1356 3508 1417 3579 quie
1426 3516 1618 3587 omaniono
1628 3538 1710 3585 esest
1724 3528 1791 3589 M·

994 3594 1066 3647 mus,
1090 3583 1203 3659 ideoque
1225 3608 1260 3649 ex
1282 3595 1443 3659 famularum
1469 3621 1580 3670 mestus
1601 3627 1694 3677 nube
1706 3624 1791 3687 nbat

995 3682 1129 3743 putamus.
1155 3680 1200 3739 Sic
1227 3700 1309 3757 porra
1333 3707 1383 3749 trec
1403 3696 1527 3759 adulatus
1546 3714 1600 3775 est,
1614 3724 1667 3769 nee
1676 3718 1788 3787 sepelit,

993 3764 1042 3819 sed
1064 3766 1248 3845 interrogavit.
1262 3777 1322 3837 Non
1342 3797 1571 3859 erqosperueatis
1592 3799 1724 3874 baoerat,
1738 3812 1789 3871 sed

992 3856 1111 3915 nolentis
1121 3878 1169 3919 eos
1189 3867 1214 3921 ti
1224 3877 1252 3926 et
1264 3878 1424 3937 neceaeitate
1438 3883 1578 3956 detinere;
1594 3910 1656 3959 eeu
1675 3900 1712 3961 ite
1726 3921 1788 3967 me.

991 3962 1067 4016 ttere,
1091 3952 1163 4013 idem
1188 3958 1283 4021 luisset
1305 3974 1483 4039 atqueabire.
1507 3981 1576 4051 Quid
1593 3994 1788 4060 erquetreet

990 4038 1035 4097 68.
1052 4044 1094 4098 ald
1106 4064 1179 4126 quatu
1200 4054 1311 4123 ibimus?
1342 4060 1421 4121 Varia
1446 4071 1503 4127 aitte
1521 4084 1721 4145 admistae.
1737 4092 1788 4152 tlt).

989 4130 1023 4190 m
1045 4154 1091 4194 ttae
1112 4144 1268 4205 credidimus
1288 4162 1312 4210 et
1332 4160 1502 4227 capamimtte.
1518 4169 1578 4233 qaia
1588 4178 1616 4225 tat
1628 4188 1656 4227 ea
1668 4175 1786 4240 Cariam

988 4220 1013 4277 F
1014 4226 1074 4283 t'lt'ut
1087 4228 1137 4287 Dct'
1160 4238 1216 4292 ut'ui.
1235 4239 1329 4299 l'itletr'
1342 4263 1396 4304 utrm
1408 4252 1488 4309 verba
1507 4254 1684 4325 offensionem
1699 4286 1783 4343 pm-

986 4318 1066 4387 risse,
1079 4324 1126 4378 sed
1137 4330 1297 4399 socordiam,
1320 4336 1464 4409 desidi-tur,
1478 4356 1506 4403 et
1523 4352 1721 4421 tanarobitatem
1732 4382 1783 4423 ao.

986 4406 1121 4489 ditttruru?
1131 4414 1196 4471 Nam
1211 4423 1315 4479 etiamsi
1333 4426 1383 4483 ltoc
1396 4446 1449 4485 stau
1469 4435 1592 4509 dirimet,
1605 4446 1781 4516 nibilominus

985 4498 1079 4559 odensi
1093 4502 1215 4577 luissent,
1224 4528 1272 4567 acc
1286 4516 1462 4590 destitissent,
1468 4527 1558 4587 cibum
1564 4546 1672 4607 semper
1682 4558 1787 4617 corpo--
1832 4542 1836 4549 ’

984 4606 1059 4647 reum
1073 4610 1207 4668 curantes,
1221 4617 1252 4659 ac
1266 4616 1344 4663 terra·
1357 4611 1439 4670 aldai.
1454 4619 1677 4693 dliottuinautem
1688 4636 1714 4691 lti
1724 4653 1777 4697 una

983 4696 1043 4739 cum
1057 4685 1109 4742 illis
1119 4693 1271 4763 stulterum,
1283 4698 1330 4755 sed
1345 4710 1481 4765 cotrtrariu
1491 4715 1579 4773 allecti
1601 4724 1681 4781 mado
1697 4726 1775 4785 dise·

982 4788 1055 4846 runt,
1069 4780 1110 4836 to
1122 4800 1195 4855 qaam
1208 4787 1454 4857 etiamst-terbum
1472 4809 1561 4877 maqm
1575 4810 1687 4874 samam
1705 4820 1776 4877 indi·

983 4869 1066 4978 cium.
1082 4874 1308 4947 Significatenim
1330 4894 1486 4969 ilaqistrum
1504 4907 1554 4961 rilti
1578 4914 1703 4969 outnibas
1717 4931 1779 4977 esse
1816 4989 1820 4994 ⁴

982 4976 1127 5037 certarem,
1150 4991 1167 5043 p

980 5056 1027 5124 qui
1041 5058 1076 5115 ab
1091 5063 1151 5134 ipso

1004 5714 1010 5726 ⁶
1061 5718 1083 5772 is
1104 5721 1253 5787 doctrinam
1276 5748 1375 5811 meam,
1398 5754 1487 5804 retum
1510 5729 1712 5825 consquentiae
1732 5769 1765 5815 es

1168 5814 1283 5889 blacena.
1296 5823 1355 5887 Nan
1368 5828 1523 5905 huiuamodi
1533 5856 1598 5907 seat
1610 5843 1765 5917 spirituali·

1582 6184 1610 6217 'b
