4084 6350
277 303 330 361 tet

277 404 346 475 ilinc
360 414 468 473 demum
482 415 596 489 probaro
615 413 681 479 vult,
696 412 763 485 legis
776 410 924 469 doctrinam
944 425 998 465 non
1013 423 1074 465 esse

276 496 336 565 ren‘r
354 498 498 567 admodum
510 515 654 578 ,urgentem
669 523 676 559 :
693 520 754 559 nam
775 502 802 559 in
824 504 949 575 operibus
968 502 1018 558 sita
1032 509 1074 557 est

277 600 463 670 poena,situm
476 599 625 669 premium,
639 611 692 653 non
706 597 734 653 ln
746 597 950 653 circumcisione
962 592 1073 666 etprae-

187 760 193 766 ,
276 691 363 764 potio.
374 690 518 761 Postquam
532 691 612 760 igitur
624 690 738 757 dixerat,
753 686 876 745 Graccum
889 688 999 745 omnino
1013 702 1073 759 poe·

265 798 340 841 nam
355 798 415 840 esse
428 783 589 850 subiturum,
605 782 684 853 idque
701 781 866 839 inconfesse
884 782 942 851 luit,
963 792 991 839 ct
1010 780 1073 838 inde

275 876 400 949 probavit
411 877 492 933 ctiam
506 876 690 932 ltonoranduut
708 890 779 941 csse,
793 874 956 946 superfluam
974 874 1073 931 deinde

274 964 394 1026 ostendit
415 969 500 1043 legem
513 980 540 1026 et
556 969 788 1026 circumcisionem
804 986 811 1023 ε
828 984 889 1025 nam
909 968 953 1024 ltic
964 968 1073 1024 Judoeos

275 1060 1070 1133 maximeimpugnat.Quiaeninrillicententiosiorcserant;

274 1153 364 1227 primo
375 1166 431 1225 prae
445 1152 513 1210 lassu
524 1168 576 1209 non
593 1152 733 1225 dignantes
747 1166 777 1209 se
790 1168 852 1208 cum
865 1152 1009 1223 gentilibus
1021 1165 1071 1208 an·

273 1261 435 1315 numerare;
449 1247 568 1304 secundo
579 1246 724 1307 irridentes
736 1259 783 1302 eos
797 1246 842 1315 qui
856 1245 977 1303 dicerent
989 1244 1070 1301 ddetn

272 1357 383 1420 peecata
397 1346 486 1421 omnia
506 1346 618 1405 delere:
634 1347 695 1403 ideo
711 1346 785 1417 prius
805 1344 914 1402 Grecos
928 1340 1070 1406 incusavit,

271 1442 308 1500 dc
320 1442 416 1515 quibus
427 1441 566 1514 agebatur,
583 1450 612 1497 ut
625 1444 685 1499 sine
698 1440 851 1513 suspicione
861 1449 889 1495 et
900 1452 961 1495 cum
972 1435 1070 1491 llducia

271 1534 381 1592 iudaeos
401 1532 563 1591 adoriretur.
580 1533 681 1589 Deittde
694 1547 755 1590 cum
772 1532 806 1589 ad
821 1529 944 1601 supplicii
956 1542 1071 1585 examen

271 1626 356 1693 venit,
380 1624 498 1683 ostendit
514 1624 636 1682 iudaeum
655 1624 805 1682 postmodo
827 1622 893 1679 nibil
914 1620 1036 1678 utilitatis
1053 1635 1070 1675 a

270 1716 332 1790 lege
342 1715 476 1789 accipere,
490 1714 538 1773 scd
554 1716 634 1773 etiarn
645 1715 783 1787 aggravari
799 1732 805 1769 :
820 1723 848 1771 et
862 1713 975 1783 bociam
991 1726 1068 1782 supc-

270 1811 327 1867 rins
340 1809 455 1883 probare
466 1811 586 1882 incaepit.
597 1810 626 1867 Si
638 1824 753 1881 namque
767 1807 877 1866 Graecus
892 1807 953 1863 ideo
964 1806 1071 1862 inesco·

270 1904 364 1961 salsilis
379 1913 435 1973 est,
456 1904 517 1977 quia
535 1915 562 1962 et
583 1912 677 1961 natura
702 1912 729 1960 et
753 1902 959 1974 cogitationibus
980 1899 1068 1970 ipsum

269 1994 477 2063 inducentibus,
502 1996 598 2053 melior
614 2010 668 2051 nors
687 1994 793 2061 evasit;
809 1994 893 2049 multo
913 1992 999 2064 magis
1019 1990 1069 2047 lu·

269 2086 357 2154 danus,
372 2088 493 2161 quicum
509 2088 552 2145 iris
563 2086 714 2144 doctrinam
731 2100 838 2157 qnoque
852 2084 938 2155 alege
954 2082 1067 2154 accepit.

270 2176 337 2237 Cum
352 2180 529 2251 persuasisset
543 2193 608 2251 ergo
622 2178 671 2245 iili,
684 2188 714 2234 ut
724 2178 750 2233 in
761 2178 874 2233 aliorum
889 2175 1006 2247 peccatis
1016 2174 1069 2229 lroc

269 2272 438 2347 ratiocinium
449 2270 614 2337 admitteret,
628 2270 674 2327 rel
686 2268 798 2325 invitum
816 2268 888 2340 cogit
902 2267 978 2323 illum
992 2264 1070 2323 dein·

269 2378 334 2434 ceps
357 2372 387 2419 ut
400 2361 427 2419 in
440 2363 485 2429 iis,
500 2378 560 2433 qnae
574 2361 608 2417 ad
623 2362 710 2433 ipsum
730 2368 891 2432 spectarent,
905 2358 976 2415 idem
994 2356 1068 2413 lace·

268 2466 321 2514 ret.
334 2458 368 2513 Et
381 2466 410 2514 ut
421 2456 527 2512 lacilius
542 2470 633 2513 sermo
644 2456 802 2526 accipiatur,
816 2453 851 2509 ad
871 2453 976 2509 mitiora
990 2451 1066 2507 illum

269 2547 344 2605 ducit
360 2548 402 2603 bis
423 2548 512 2603 verbis
524 2568 531 2603 a
544 2544 642 2614 Gloria,
659 2547 741 2601 bonor
755 2554 779 2601 et
793 2560 845 2615 poe
864 2545 933 2599 omni
951 2542 1068 2613 operanti

268 2638 372 2705 bonitas,
389 2638 482 2693 dadteo
503 2638 613 2709 printtsns
631 2646 654 2692 et
676 2635 775 2693 Graeco.
795 2636 845 2693 iiic
865 2636 936 2693 enim
951 2644 1066 2706 quanta·

267 2745 383 2803 cumque
395 2730 454 2807 quis
469 2729 567 2787 babeat
578 2730 661 2795 bona,
674 2744 735 2786 cum
751 2728 950 2799 perturbatione
969 2742 1067 2799 magns

266 2824 359 2897 babet,
373 2823 436 2881 licet
448 2824 523 2880 dives
538 2824 583 2890 sit,
597 2824 660 2880 lieet
672 2832 778 2894 potens,
789 2822 853 2881 licet
867 2838 933 2890 res;
950 2824 1001 2880 etsi
1010 2837 1065 2879 non

266 2903 328 2996 curn
343 2916 407 2983 alio,
421 2931 513 2973 secum
527 2916 623 2973 saltem
636 2930 709 2987 saepe
722 2913 844 2984 dissidet,
856 2924 884 2972 et
896 2914 1010 2971 multum
1022 2916 1066 2971 rel

264 3009 507 3087 incogitationibus
522 3008 603 3063 babet
622 3008 722 3063 bellurn
739 3024 746 3062 ι
763 3006 818 3063 illio
835 3014 925 3063 autem
943 3005 1008 3063 nibil
1028 3005 1066 3062 si·

265 3100 398 3170 ttrile,'sed
413 3101 504 3156 omnia
519 3099 661 3171 tranquilia
677 3108 706 3155 ct
719 3113 735 3155 a
748 3097 950 3169 perturbatione
967 3098 1064 3165 libera,

265 3209 326 3252 cum
345 3210 407 3252 uera
422 3194 548 3265 adjuncta
564 3208 641 3266 pace.
661 3191 728 3249 Cum
749 3206 782 3248 cx
803 3205 883 3264 supra
906 3191 986 3248 dictis
999 3206 1065 3264 ergo

264 3273 414 3360 probasset,
434 3287 515 3344 etiam
538 3286 647 3358 eosqui
666 3285 752 3358 legem
767 3301 821 3342 non
838 3285 948 3354 babent,
968 3285 1064 3342 eadem

264 3381 321 3454 ipsa
337 3380 406 3436 bona
417 3387 608 3450 assequuturos
617 3391 688 3444 esse,
702 3377 886 3434 ratiocinando
897 3378 982 3450 pergit
995 3395 1002 3432 ι
1017 3379 1062 3435 ll.

264 3455 328 3527 Non
343 3472 409 3527 enim
423 3481 459 3526 est
479 3483 646 3541 personarunt
662 3469 774 3539 acceptio
792 3469 863 3540 opud
884 3468 978 3526 Deum.
995 3471 1064 3528 Cusus

263 3553 336 3626 enim
354 3566 418 3622 dicit
432 3575 460 3621 et
472 3564 593 3621 iudaeum
614 3572 642 3620 ct
657 3563 781 3621 Graecum
796 3574 940 3634 peccantes
961 3565 1062 3635 puniri,

263 3671 319 3732 pon
335 3656 416 3713 babet
436 3656 577 3712 ratiocinio
596 3669 679 3728 opus,
700 3631 762 3710 cum
779 3669 844 3712 uero
867 3663 985 3712 statuere
1006 3657 1064 3713 ruit

263 3750 392 3808 honorari
405 3749 539 3812 Graccum,
555 3758 618 3805 tunc
633 3748 790 3819 probatione
805 3763 872 3819 opus
887 3746 979 3806 habet.
994 3747 1063 3806 Nam

263 3846 362 3902 mirum
373 3853 401 3901 ct
413 3843 571 3914 stupendum
583 3841 724 3899 videbatur
737 3856 808 3908 esse,
823 3843 844 3896 si
860 3841 941 3912 isqui
955 3856 1005 3898 nec
1020 3842 1066 3912 le-‚

263 3954 325 4012 gem
339 3952 388 3995 nec
400 3939 544 4010 propbetas
557 3937 689 4002 andierat,
703 3937 772 3992 bona
786 3952 902 4007 operans
914 3937 1063 3996 honorare·

264 4039 318 4088 tur.
333 4029 405 4096 iden,
426 4039 455 4086 ut
465 4029 521 4101 jam
534 4028 599 4094 disi,
609 4027 636 4084 in
650 4028 814 4098 temporibus
833 4028 945 4100 gratiam
956 4044 1062 4102 praece·

266 4123 391 4180 dentibus
401 4122 508 4178 illorum
519 4121 639 4177 auditum
650 4129 769 4190 exercet,
780 4127 808 4177 ut
820 4120 924 4178 iacilius
933 4121 1062 4192 deinceps

264 4232 325 4273 cum
344 4216 407 4281 ilde,
429 4215 536 4272 illorum
558 4214 584 4270 in
598 4212 642 4270 laia
661 4228 821 4271 consensum
843 4214 994 4272 induceret.
1012 4215 1063 4274 ilic

262 4312 335 4370 enim
351 4319 493 4382 suspectus
505 4308 617 4366 minime
628 4317 680 4375 est,
695 4317 788 4380 utpote
802 4308 847 4379 qui
861 4323 914 4364 non
928 4308 1061 4365 intentum

263 4417 342 4460 snum
356 4399 460 4472 probet.
474 4401 541 4456 Cum
553 4399 665 4454 dixisset
676 4412 750 4469 ergo,
763 4395 864 4463 Gloria,
880 4399 962 4454 donor
972 4408 996 4454 et
1008 4416 1062 4473 pas

264 4495 334 4550 ontrss'
347 4494 463 4566 operanti
484 4491 588 4560 ierunt,
602 4491 695 4547 indeo
710 4492 820 4560 mnsam
834 4501 859 4548 et
874 4491 964 4549 Graeco
975 4509 986 4560 ,·
999 4510 1062 4566 per·

263 4590 312 4661 git,
330 4585 391 4642 Non
413 4595 451 4642 est
468 4587 537 4644 enirn
556 4600 722 4658 personarum
735 4585 849 4658 acceptio
872 4589 943 4659 opud
965 4587 1058 4645 Desste

133 4709 141 4724 κ
263 4683 355 4754 Papae,
371 4671 470 4753 quanta
484 4694 546 4736 cum
558 4678 732 4754 exuberantia
745 4678 823 4734 uicit!
844 4679 961 4736 ostendit
974 4681 1059 4750 enim,

262 4789 295 4832 se
310 4775 338 4830 in
357 4771 549 4830 absurditatem
569 4769 703 4838 adducta,
725 4783 780 4826 non
803 4769 950 4826 secundum
974 4771 1059 4828 ileum

260 4867 332 4932 lore,
346 4867 368 4922 si
385 4879 430 4922 res
446 4865 481 4920 ita
500 4879 554 4924 non
566 4871 659 4929 esset;
677 4877 740 4917 nam
752 4860 778 4917 id
794 4875 969 4932 personarum
983 4877 1060 4920 accc·

261 4961 319 5033 ptio
334 4968 424 5020 esset:
439 4959 509 5030 quod
524 4957 551 5014 in
565 4958 652 5014 Deum
670 4956 767 5014 cadere
781 4971 834 5012 non
849 4963 947 5028 potest.
968 4956 1059 5030 Neque

262 5053 341 5120 disis,
357 5051 413 5109 Nisi
424 5066 468 5109 res
478 5052 514 5108 ita
526 5064 555 5106 sc
570 5040 679 5118 lrabeat,
692 5063 868 5120 personarum
882 5058 1007 5120 acceptor
1016 5059 1060 5108 est

261 5147 354 5214 Ileos3
371 5146 419 5202 sed
437 5145 543 5216 dignius
556 5144 680 5214 loquens,
702 5139 764 5197 Non
777 5150 814 5198 cst
832 5158 997 5211 personarum
1011 5158 1057 5198 cc-

260 5237 343 5310 ccptio
351 5237 421 5312 spnd
430 5235 514 5291 Deam
524 5251 534 5301 ,·
544 5234 570 5290 id
580 5244 633 5304 est,
645 5248 696 5290 non
706 5246 879 5304 personarum
889 5233 1056 5304 qualitatem,

650 300 679 359 S.
697 296 836 358 tornius
855 290 1095 395 citatsosroltt
1112 292 1271 352 sttcttter.
1290 295 1557 357 constitutique.
1681 356 1691 373 ,
1849 309 1890 365 lii

1127 415 1211 464 lasset
1222 425 1230 475 ;
1242 409 1290 465 scd
1304 409 1368 481 quid
1380 412 1497 483 amplius
1513 412 1625 481 addidit,
1637 416 1745 475 illorum
1758 418 1840 479 lastum
1851 423 1892 480 dc·

1124 498 1221 569 jiciens
1231 516 1263 557 ac
1273 504 1465 573 comprimens,
1475 507 1578 564 utillud
1585 508 1769 570 admitterent.
1776 514 1833 585 outo
1840 519 1891 576 iilud

1126 591 1186 645 est?
1200 589 1228 647 ld
1242 592 1314 663 qnod
1333 594 1466 666 sequitur.
1484 597 1530 653 tt.
1550 599 1708 675 Quicumque
1726 606 1798 675 asin,
1814 608 1892 681 inquit,

1125 682 1181 738 siae
1193 683 1248 768 lege
1257 698 1430 757 percuterent,
1441 689 1496 745 sine
1503 691 1680 765 lepepeas'lssnt
1687 712 1698 752 .·
1705 700 1894 775 ardensque

1126 773 1181 848 legs
1192 788 1364 846 peccauerunt,
1376 795 1420 853 per
1440 780 1520 854 legem
1535 784 1732 855 indicebantur.
1744 790 1800 860 iiie,
1813 803 1838 850 ut
1847 796 1896 867 jam

1124 866 1194 935 disi,
1207 883 1260 925 non
1272 870 1353 926 niodo
1373 873 1551 944 aequalitatem
1567 876 1637 934 inter
1655 878 1775 939 iudaeum
1793 896 1817 942 et
1833 886 1899 945 dre·

1124 973 1185 1017 cum
1195 961 1301 1028 indicat,
1312 964 1359 1021 sed
1367 966 1577 1025 ctiamludaeunr
1588 971 1675 1044 alege
1687 975 1765 1034 raldc
1777 990 1898 1051 grassum

1123 1068 1184 1111 csse
1203 1056 1369 1114 demonstrat
1384 1078 1392 1115 :
1407 1059 1518 1118 Grecos
1530 1064 1602 1121 enim
1621 1066 1682 1125 sine
1702 1070 1898 1145 legejudicstur.

1122 1144 1280 1215 liicautesn,
1291 1150 1424 1225 Sinelepe,
1435 1156 1675 1227 nongrarins,sed
1685 1164 1900 1241 minusquidpianr

1122 1238 1237 1306 indicat,
1253 1241 1280 1296 id
1294 1251 1347 1311 est,
1358 1260 1412 1301 non
1426 1244 1508 1303 babet
1519 1260 1691 1309 accusantem
1701 1256 1830 1330 selegens.
1839 1262 1901 1321 illud

1122 1332 1279 1401 enim,Sine
1286 1334 1349 1407 lege,
1358 1336 1442 1407 idest,
1449 1340 1731 1405 sinedamnstiooees
1739 1349 1904 1424 legelaeta,et

1121 1440 1157 1482 es
1167 1427 1333 1485 naturalibus
1342 1430 1429 1487 solum
1438 1434 1587 1492 ratiociniis
1597 1439 1904 1507 condemnatur.ludaus

1121 1534 1187 1575 sero
1199 1535 1232 1577 es
1247 1521 1328 1595 lege;
1353 1524 1381 1580 id
1401 1534 1455 1595 cst,
1471 1526 1532 1599 lege
1552 1543 1616 1586 curn
1635 1542 1731 1591 natura
1754 1536 1902 1598 incusante:

1120 1624 1222 1685 quanto
1233 1617 1306 1673 enim
1318 1617 1421 1691 majore
1431 1634 1496 1677 curs
1510 1621 1636 1695 diguatus
1647 1635 1701 1697 est,
1713 1637 1786 1689 tauto
1796 1634 1903 1705 majores

1120 1703 1194 1761 dabit
1207 1722 1311 1779 peenas.
1354 1743 1358 1760 ι
1757 1761 1771 1789 ,Ι

1156 1800 1184 1857 5.
1206 1800 1416 1875 Viden’quanlo
1426 1807 1905 1879 maioremludaeisuecessitstemin

1120 1890 1224 1959 tulerit,
1237 1902 1266 1949 ut
1279 1894 1314 1950 ad
1332 1897 1445 1968 gratiam
1460 1908 1655 1962 accurrerent?
1668 1907 1736 1978 Quis
1755 1910 1824 1967 etaim
1836 1912 1905 1973 dice·

1120 1980 1185 2038 bant
1198 1998 1227 2039 se
1241 1999 1295 2042 non
1311 1997 1392 2059 egere
1404 1992 1502 2063 gratia,
1522 2009 1571 2065 per
1584 1996 1671 2069 legem
1682 2000 1768 2057 solstn
1782 2003 1906 2073 instillet-

1120 2082 1182 2139 tos;
1203 2078 1321 2137 ostendit
1335 2080 1408 2153 ipsos
1426 2085 1512 2157 magis
1528 2103 1608 2159 quam
1632 2090 1741 2151 Graecos
1759 2094 1801 2153 illa
1820 2114 1906 2170 cgere,

1119 2168 1251 2239 siquidem
1265 2173 1351 2244 magis
1365 2176 1492 2245 puniendi
1509 2190 1582 2236 sunt.
1597 2182 1701 2241 bmnde
1720 2186 1791 2244 aliod
1811 2189 1910 2246 inducit

1119 2260 1299 2338 ratiocinium,
1313 2280 1367 2335 sputo
1375 2267 1435 2348 jam
1450 2270 1522 2326 dictu
1535 2283 1699 2346 propugnet.
1712 2278 1758 2334 lt.
1772 2278 1832 2336 llos
1844 2284 1910 2339 ssins

1119 2352 1248 2409 auditores
1261 2355 1323 2427 legis
1338 2359 1404 2429 jdsts'
1423 2371 1482 2417 satst
1500 2364 1676 2435 appelleon.
1697 2366 1782 2427 Recte
1799 2373 1908 2445 addidit,

1118 2450 1196 2521 Apud
1214 2451 1297 2507 Deum
1313 2469 1398 2510 :narn
1424 2459 1495 2529 apud
1521 2460 1645 2519 bomines
1666 2463 1781 2523 sortasse
1802 2481 1911 2539 possunt

1118 2543 1269 2603 honorandi
1286 2548 1381 2617 rideri,
1395 2560 1423 2607 et
1437 2567 1499 2609 sese
1513 2570 1676 2628 magnopere
1688 2559 1829 2630 jactitem
1841 2565 1910 2633 apud

1117 2636 1202 2693 Qum
1218 2653 1282 2696 rere
1296 2650 1390 2697 contra
1400 2644 1511 2702 omnino
1523 2644 1646 2705 Foctores
1656 2650 1719 2723 lapis
1730 2662 1828 2708 matam
1836 2656 1914 2727 justi-

1117 2729 1238 2807 ficentur.
1257 2730 1335 2789 Vides
1347 2747 1408 2790 cusu
1420 2746 1519 2806 quanta
1533 2740 1667 2797 rationum
1681 2743 1708 2798 ri
1721 2758 1877 2803 sermonem
1887 2749 1912 2804 in

1116 2825 1281 2881 constrariosn
1293 2830 1400 2884 verast
1412 2828 1440 2889 st
1451 2832 1523 2888 enim
1534 2848 1583 2903 per
1591 2834 1689 2907 legem,
1703 2837 1801 2909 inquit,
1812 2842 1914 2898 serrari

1115 2928 1206 2985 rogas,
1229 2926 1256 2972 te
1268 2916 1321 2974 ltac
1339 2918 1367 2974 in
1390 2936 1421 2977 re
1442 2923 1576 2990 praecedet
1595 2926 1711 2998 gentilis,
1735 2931 1782 3001 qui
1800 2946 1834 2989 ca
1856 2950 1916 3004 que

1115 3008 1214 3079 scripta
1236 3020 1299 3067 sunt
1311 3025 1476 3083 exsequutus
1490 3016 1607 3073 ridetur.
1623 3019 1658 3075 Et
1674 3022 1722 3093 qui
1742 3023 1802 3081 leri
1816 3029 1916 3096 potnit,

1115 3102 1232 3174 inquies,
1249 3104 1336 3177 utqui
1350 3106 1457 3164 auditor
1470 3124 1523 3166 non
1537 3109 1630 3182 luerit,
1644 3112 1732 3174 lactor
1744 3117 1850 3178 luerit?
1864 3120 1917 3177 Po·

1116 3203 1177 3261 test,
1189 3197 1285 3268 inquit,
1301 3197 1370 3265 lieri,
1385 3215 1441 3256 non
1454 3201 1506 3259 boc
1519 3211 1634 3274 uotum,
1646 3206 1695 3264 sed
1708 3219 1738 3266 et
1747 3209 1823 3268 alind
1838 3212 1920 3283 louge

1116 3290 1214 3360 majus.
1232 3290 1290 3346 Non
1309 3293 1395 3348 solunt
1412 3296 1484 3351 enim
1505 3297 1564 3355 sinc
1587 3299 1724 3358 auditione
1745 3311 1922 3373 potestesse

1114 3380 1210 3452 lactor,
1226 3385 1366 3443 sedetiam
1387 3398 1446 3457 post
1464 3389 1629 3449 auditionem
1649 3399 1739 3464 petest
1753 3413 1811 3454 non
1832 3400 1923 3470 laetor

1115 3489 1194 3540 esse;
1219 3476 1244 3530 id
1264 3477 1337 3548 quod
1352 3489 1444 3548 postea
1464 3482 1563 3539 clarius
1581 3487 1708 3556 exprimit
1732 3503 1797 3546 cuns
1814 3494 1924 3563 nrsjore

1114 3566 1139 3620 vi
1154 3567 1296 3625 cerberum
1311 3587 1317 3623 :
1335 3571 1387 3640 Qui
1400 3573 1476 3630 doces
1497 3577 1588 3646 oliotrs,
1611 3580 1721 3650 teipsam
1739 3599 1793 3638 nott
1817 3585 1925 3646 deca?

1114 3654 1165 3712 tlte
1174 3665 1263 3714 antem
1275 3659 1384 3717 interim
1395 3662 1511 3734 primurn
1522 3667 1586 3722 illud
1596 3671 1701 3739 probat.
1713 3673 1758 3728 ll.
1770 3672 1843 3730 Gssrs
1854 3680 1926 3731 casias

1113 3757 1209 3820 gestes,
1220 3749 1316 3822 iuquit,
1331 3770 1388 3825 qste
1405 3756 1486 3828 legens
1503 3775 1553 3814 non
1574 3761 1676 3830 debeat,
1691 3767 1855 3823 nemroiiter
1865 3787 1927 3840 φιτ

1114 3841 1176 3914 legis
1190 3854 1249 3899 sant
1262 3845 1380 3916 sedant,-
1392 3848 1420 3903 tn·
1430 3848 1511 3920 legem
1521 3867 1573 3908 nors
1582 3853 1711 3925 messes,
1721 3856 1856 3930 sibiipsis
1865 3873 1929 3916 ssst

1113 3933 1165 3990 tes.
1176 3935 1235 3992 Non
1248 3937 1328 4008 ejicio
1343 3940 1439 4011 legens,
1461 3942 1556 4013 inquit,
1575 3945 1623 4001 sed
1643 3946 1707 4004 lrinc
1719 3959 1825 4020 gentes
1841 3952 1931 4023 iussi·

1112 4025 1177 4083 ilco.
1199 4027 1291 4084 liden'
1310 4033 1447 4100 quomodo
1466 4032 1598 4112 ludaismi
1617 4036 1729 4108 glorians
1751 4039 1929 4112 suffodiens,

1112 4117 1279 4189 nullanrsui
1300 4121 1445 4177 accusandi
1470 4139 1564 4182 ansam
1588 4127 1700 4197 prebet,
1721 4133 1806 4201 quasi
1833 4117 1933 4206 legem

1112 4209 1282 4278 dehonestet,
1299 4214 1354 4270 iseo
1372 4223 1478 4284 contra,
1499 4218 1577 4287 qnasi
1598 4219 1769 4277 exaltasset
1789 4240 1936 4299 magnam

1112 4304 1259 4361 ostendens
1274 4304 1356 4371 illam,
1371 4307 1411 4363 sic
1422 4316 1506 4364 totum
1521 4309 1716 4380 probaticam
1731 4319 1935 4388 autemdicit,

1112 4391 1284 4465 ll'otureliter,
1300 4398 1448 4456 secundum
1462 4401 1594 4457 naturalia
1609 4403 1750 4462 ratiocinia
1763 4407 1937 4484 intelligit:

1112 4499 1140 4544 ct
1150 4487 1267 4544 ostendit
1277 4489 1345 4546 alios
1359 4505 1420 4548 esse
1431 4491 1569 4561 meliores,
1584 4502 1613 4552 ct
1624 4495 1698 4567 quod
1712 4500 1894 4568 maiusess,
1905 4520 1938 4560 sa

1112 4579 1146 4666 de
1158 4595 1237 4636 causa
1253 4580 1390 4651 meliores,
1403 4585 1476 4654 quod
1499 4600 1554 4642 non
1573 4589 1728 4660 acceperint
1744 4589 1868 4663 legem,
1885 4612 1939 4654 tres

1111 4673 1227 4731 babeant
1245 4675 1328 4742 illem,
1354 4692 1406 4749 qus
1425 4677 1551 4736 ridentur
1571 4679 1658 4739 ludat
1679 4696 1837 4754 prestare.
1869 4689 1940 4746 ideo

1111 4768 1194 4836 enirn,
1215 4768 1263 4849 ait,
1283 4769 1422 4828 mirabiles
1441 4781 1516 4840 sont,
1538 4775 1600 4844 quia
1619 4776 1681 4848 lege
1698 4791 1755 4834 nou
1772 4794 1861 4852 opus
1886 4781 1939 4838 iss·

1110 4857 1204 4925 bnere,
1220 4869 1248 4916 et
1266 4875 1327 4930 quas
1349 4861 1415 4932 legis
1433 4873 1498 4918 sunt
1518 4865 1609 4920 onustis
1627 4867 1806 4926 exhibuere:
1824 4887 1940 4943 opera,

1110 4965 1164 5006 non
1179 4950 1281 5018 literas,
1295 4952 1392 5009 arrianis
1405 4955 1461 5009 suis
1472 4956 1666 5027 insculpentes.
1681 4959 1737 5015 iloc
1751 4962 1843 5018 esrisn
1869 4966 1915 5020 ait
1933 4984 1939 5018 :

1110 5041 1154 5098 ld.
1172 5040 1224 5109 Qui
1237 5045 1370 5098 ouendnns
1381 5037 1450 5115 'opos
1462 5045 1524 5119 lepis
1535 5049 1658 5121 seriptum
1668 5051 1697 5105 irs
1711 5052 1854 5110 cotibus
1866 5059 1942 5122 suis,

1109 5135 1280 5191 tatitssons'rtm
1293 5138 1414 5196 reddente
1426 5139 1481 5196 illis
1494 5143 1659 5212 contemtis,
1677 5155 1701 5200 et
1711 5146 1945 5218 conminuit-s

1109 5227 1176 5282 inter
1188 5243 1215 5284 se
1232 5229 1412 5287 scematibus
1430 5242 1476 5286 snt
1494 5213 1572 5290 eliens
1594 5236 1805 5296 mammes.-
1828 5242 1891 5298 to.
1917 5245 1946 5296 is

259 5331 311 5394 sed
325 5346 415 5392 rernm
427 5327 605 5387 differentiam
620 5326 764 5383 examinat.
780 5324 848 5382 ilinc
863 5340 927 5382 uero
938 5325 1058 5382 declarat
1108 5319 1160 5387 die,
1182 5335 1232 5391 qao
1244 5321 1371 5392 iudicabit
1384 5321 1455 5380 Deus
1467 5326 1578 5380 escaus
1597 5326 1743 5394 Ιιοηιιιιιιηι,
1768 5335 1948 5388 madunt

186 5415 191 5424 ’
260 5439 317 5481 stutt
330 5439 372 5489 re,
385 5421 433 5480 sed
452 5433 566 5492 persona
586 5415 707 5476 sudeam
729 5416 858 5475 aGrteco
871 5415 992 5474 dillerre.
1009 5415 1058 5474 llis
1109 5414 1267 5485 magellum
1283 5431 1377 5482 nicam,
1399 5431 1444 5485 per
1461 5415 1552 5473 lesttm
1572 5417 1712 5474 Glsristtsm.
1727 5419 1848 5478 Viden·
1864 5441 1950 5495 quo·

260 5527 431 5584 consequens
445 5521 504 5569 erat
515 5511 607 5568 dicere
622 5528 630 5569 ι
645 5509 704 5568 Non
716 5511 799 5579 enirn,
810 5509 873 5580 quia
888 5508 934 5564 illc
945 5507 1055 5578 quidem
1108 5507 1189 5564 modo
1198 5517 1374 5580 representet
1384 5512 1462 5568 illum
1476 5511 1548 5570 diem
1561 5527 1590 5571 ct
1602 5528 1687 5587 prope
1698 5515 1850 5584 adduesss,
1876 5520 1952 5574 illo·

260 5605 378 5673 ludaeos,
393 5605 436 5662 bic
449 5605 578 5672 Graecus3
594 5603 654 5661 ideo
667 5604 711 5661 ille
722 5603 829 5676 quidem
842 5602 998 5667 bonoratur,
1012 5601 1057 5660 lrie
1108 5615 1168 5656 rum
1188 5611 1305 5658 orestem
1328 5603 1483 5675 exagitans,
1506 5614 1534 5661 et
1553 5606 1716 5672 ostendeus,
1737 5607 1812 5664 illos
1840 5611 1955 5682 potius

260 5716 327 5758 uero
336 5698 496 5758 contumelia
510 5697 626 5757 allicitur
641 5716 648 5753 ι
665 5698 711 5754 scd
726 5696 898 5769 exoperibus
913 5705 1057 5768 utrumque
1108 5693 1280 5752 honorandos
1290 5709 1360 5763 esse,
1376 5699 1422 5768 qui
1434 5697 1493 5755 sine
1504 5698 1574 5770 lege,
1587 5714 1648 5770 quta
1658 5699 1726 5770 legis
1739 5711 1856 5766 emus,
1874 5716 1955 5773 per·

262 5791 303 5853 dt.
319 5789 414 5850 lerum
434 5809 486 5850 non
502 5793 538 5850 lta
551 5791 636 5857 dislt;
649 5806 710 5848 natu
725 5789 809 5848 iudaei
823 5792 941 5848 animum
961 5790 1054 5848 eonci-
1109 5791 1188 5850 licere
1201 5795 1383 5879 conati-sonti
1394 5793 1471 5864 Quod
1484 5803 1574 5852 autem
1587 5794 1704 5854 unissime
1715 5793 1957 5856 sumammu-
