4084 6350
216 276 270 342 iii

219 397 277 458 Noa
296 403 386 454 autem
409 397 459 454 bae
473 397 499 453 io
514 413 544 455 re
565 397 772 468 promissionem
786 398 823 454 im
843 398 975 466 ierimus,
997 401 1020 455 si

216 477 309 526 umen
333 468 463 524 memoria
488 471 655 527 retineantur
675 486 707 526 ea
720 512 729 537 ,
742 485 803 542 qnae
817 414 945 527 antinous.
969 473 1019 528 Del

214 551 306 600 eutem
328 541 399 597 neos
411 548 441 596 ut
461 549 489 596 et
502 543 629 616 mysteria
643 541 734 598 omnia
747 553 890 599 seruentur
911 543 938 600 in
952 558 1016 599 eor-

964 281 1100 341 stultia.

1776 331 1778 340 ¹
1819 305 1874 364 tat

1077 401 1157 487 (libris
1170 405 1279 474 restris,
1293 417 1321 494 ιι
1334 423 1382 466 ιιι
1395 410 1422 466 in
1434 409 1553 479 Christo,
1567 413 1674 480 ouieum
1688 418 1804 478 relertnr
1814 423 1872 496 gla-

1074 489 1114 530 rta
1139 473 1195 531 beo
1207 486 1236 560 et
1249 477 1321 536 Patra
1336 521 1344 548 ,
1369 498 1420 537 una
1440 500 1473 538 ue
1491 496 1585 542 saneto
1599 486 1732 558 Spiritui,
1759 509 1830 551 nune
1844 503 1873 553 et

1072 558 1190 618 semper,
1206 552 1343 639 meacula
1357 567 1429 614 saecu
1457 571 1528 612 rum.
1545 557 1642 622 Αιιιιι.

176 751 191 860 ‘²
817 815 1265 961 nominum

753 1033 797 1097 nt
817 1029 1061 1110 suadentum
1080 1031 1315 1103 submonuit.

249 1183 307 1240 lloc
319 1182 398 1240 otiosi
412 1182 529 1240 Graculi
543 1188 725 1240 commentum
743 1188 806 1265 post
817 1178 946 1237 Satilium
960 1176 1010 1233 da-

211 1269 293 1324 utus,
314 1255 376 1326 quia
391 1254 465 1310 nulla
479 1255 686 1326 praetermittere
708 1267 815 1309 antinus
829 1259 871 1308 est
893 1264 1008 1315 eorum,

211 1338 273 1398 quas
293 1327 352 1398 ipse
372 1327 400 1382 io
423 1325 509 1384 lucem
524 1325 644 1398 protulit.
661 1325 770 1382 Poterat
783 1333 858 1380 certe
876 1322 943 1390 ille,
964 1321 1009 1392 qui

1063 1195 1116 1239 non
1126 1197 1210 1254 pauca
1220 1184 1272 1240 alia
1284 1186 1382 1242 nullius
1393 1189 1471 1260 pretii
1481 1193 1701 1263 praetermiserat,
1711 1195 1763 1256 boe
1771 1199 1865 1269 etiam,

1066 1255 1125 1312 siue
1139 1257 1268 1326 scrupulo
1283 1258 1310 1314 in
1325 1260 1443 1317 tenebris
1456 1263 1620 1336 relinquere.

783 1555 817 1600 ιιι
838 1552 977 1600 ιῖιιιιιιιι
1002 1537 1311 1600 ιιιιιιιιιιιιοιιιιιι.“

246 1714 386 1773 Laudandi
400 1722 465 1772 sont
476 1715 585 1786 angeli:
601 1711 651 1784 ipsi
664 1725 780 1782 namque
791 1709 948 1766 Creatorem
960 1724 1008 1764 ee-

211 1789 369 1856 lebrantes,
386 1787 529 1858 propitium
543 1786 616 1842 illum
631 1799 664 1840 ac
678 1784 839 1840 benevolum
853 1781 1007 1863 bominibus

208 1861 335 1917 reddunt.
361 1859 479 1929 Angelos
499 1857 579 1923 dico,
600 1855 798 1912 commilitones
812 1860 919 1909 nostros
934 1895 942 1920 ,
960 1862 1008 1922 gut

207 1931 309 1988 betium
323 1939 419 1999 gerunt
430 1939 523 1984 contra
536 1928 704 1983 adversarias
719 1933 876 1998 potestates,
891 1934 1005 1996 quorum

207 2017 281 2059 unus
296 2014 337 2056 est
351 2000 529 2070 archangelus
541 1999 654 2055 lliebael
667 1996 774 2070 (dudae.
789 1997 806 2053 9
819 1998 843 2069 ),
857 1997 901 2067 qui
912 2000 1006 2052 eotrtra

161 2073 164 2076 ’
207 2071 346 2129 diabolum
362 2087 410 2138 pro
425 2085 539 2142 corpore
557 2069 658 2140 lloysis
679 2069 833 2126 decertabat
847 2108 855 2130 ,
871 2075 899 2122 et
912 2073 1006 2122 contra

207 2144 359 2285 principem
383 2142 526 2199 Persarum
546 2156 596 2211 pro
616 2141 740 2196 libertate
755 2139 845 2211 populi
870 2136 1006 2221 pugoabat

231 2213 301 2269 dun.
319 2213 363 2269 td.
380 2211 495 2287 15).Ει
510 2228 625 2284 ortorum
639 2226 751 2268 ttumero
765 2220 808 2266 est
821 2209 866 2265 ille
886 2223 932 2279 qut
952 2207 1006 2261 asi-

206 2301 270 2341 nam
281 2285 396 2355 repulit,
411 2293 439 2340 et
451 2284 605 2340 lialaamnm
616 2284 650 2340 ab
666 2283 760 2338 insano
774 2279 865 2338 lurore
878 2278 1006 2350 repressit

206 2355 307 2430 (Num.
319 2357 365 2411 ιι.
380 2354 434 2428 17)
446 2373 453 2408 ι
469 2366 498 2410 et
507 2357 568 2425 onia
580 2366 654 2410 vates
666 2354 712 2410 ille
724 2368 783 2409 rem
791 2367 853 2480 3¹¹ae
861 2350 1005 2424 gerebatur

205 2442 262 2484 non
278 2426 456 2498 intelligebat,
472 2426 543 2482 bruti
557 2426 682 2481 animalis
696 2439 789 2480 rocca
820 2437 913 2478 sanam
928 2436 1009 2476 men·

181 2549 190 2563 ‚
205 2506 263 2554 tem
276 2498 404 2554 rediimus
416 2506 468 2554 est.
485 2497 526 2553 lix
539 2497 636 2568 qrribus
648 2498 711 2551 item
721 2503 764 2551 est
774 2494 872 2619 111ιῖὶώ
885 2493 1003 2564 gladium

206 2569 331 2640 arripuit,
346 2568 475 2625 etlesnm
490 2569 573 2623 lilium
584 2567 668 2634 Nate,
684 2574 820 2623 utcontra
854 2575 927 2621 ostes
938 2579 1004 2618 con·

207 2639 335 2712 digeret,
352 2639 481 2695 incitavit.
497 2640 536 2694 Ex
551 2653 666 2710 ortorum
689 2641 751 2694 item
768 2651 882 2694 numero
893 2644 937 2690 est
957 2634 1003 2690 ille

206 2716 253 2783 qui
269 2720 376 2769 centum
391 2711 525 2782 octoginta
539 2713 659 2782 qtrinone
669 2709 752 2766 millia
766 2709 939 2781 Assyriorum
950 2721 1002 2762 nna

203 2791 288 2839 nocte
303 2783 454 2852 percussit,
469 2790 496 2837 ιι
507 2795 632 2836 somnum
649 2781 824 2837 barbarorum
837 2795 900 2835 cnm
914 2785 1002 2834 morte

204 2853 346 2924 conjunxit
358 2854 404 2924 (1.
418 2852 483 2924 lleg.
500 2853 545 2909 lt.
561 2851 597 2908 35
609 2852 630 2924 ).
647 2852 684 2907 Ει
704 2866 819 2922 qnorum
834 2863 947 2905 numero
960 2857 1003 2904 est

203 2923 247 2988 is,
261 2925 305 2994 qni
320 2926 478 2996 proplietam
490 2923 615 2979 llabacuc
625 2924 700 2979 aerio
714 2921 783 2978 saltu
799 2921 952 2988 transtulit,
973 2928 1002 2974 ut

201 2995 363 3066 proplietam
375 2994 510 3049 Danielem
526 2996 552 3050 in
563 2993 652 3050 medio
659 2993 812 3065 jejtrnorum
822 2994 929 3052 ιιιιιιιιιι
940 2989 1001 3046 cibo

202 3065 329 3122 reliceret
344 3063 434 3140 (Dan.
452 3066 494 3121 11.
511 3066 546 3122 55
556 3066 577 3138 ).
593 3065 626 3122 lli
643 3066 722 3135 igitur
734 3073 762 3120 et
776 3065 808 3120 iis
820 3064 922 3122 similes
933 3077 999 3117 cort·

202 3145 247 3194 tra
261 3138 383 3193 inimicos
397 3145 478 3206 stant,
495 3146 522 3193 et
535 3146 627 3193 eontra
643 3137 706 3193 titia
720 3145 830 3193 strenue
848 3134 997 3192 decertant.

202 3208 296 3277 Qualia
308 3219 366 3264 erat
375 3209 549 3265 admirandos
559 3216 588 3265 ιι
599 3209 708 3264 divinus
720 3208 851 3278 llapbael‚
861 3208 907 3276 orti
919 3206 999 3262 utrius

202 3282 286 3352 piscis
302 3280 422 3337 sectione
434 3295 448 3332 a
462 3279 585 3335 daernone
596 3288 719 3335 vexatam
733 3278 848 3350 puellam
863 3276 997 3343 restituit,

202 3360 232 3407 et
248 3352 306 3407 seni
320 3365 393 3406 cmco
413 3351 502 3406 lumen
516 3360 575 3407 arte
589 3351 743 3407 conciliavit
755 3350 765 3423 (
777 3349 839 3405 Tei.
855 3351 886 3406 lt
902 3348 922 3415 ).
944 3346 998 3405 Sed

202 3436 292 3494 neque
313 3423 329 3477 ii
349 3423 457 3478 silentio
471 3421 595 3477 mittendi
610 3432 687 3487 sunt,
708 3424 754 3493 qni
773 3422 800 3477 in
817 3420 889 3476 Nono
901 3419 997 3475 Testa·

201 3502 296 3548 aterno
309 3493 507 3556 ministrarunt,
523 3492 600 3562 cnjus
612 3508 707 3563 magna
720 3508 782 3563 pars
794 3502 836 3549 ιιι
850 3492 999 3560 archange-

202 3564 247 3619 lus
259 3563 379 3631 Gabriel,
393 3564 438 3634 otri
452 3563 588 3618 Zacbarise
603 3565 710 3618 oracula
724 3564 802 3629 ludit,
819 3563 864 3634 qui
874 3562 998 3617 incredu-

201 3632 305 3692 litatem
327 3636 386 3705 ejus
407 3635 515 3690 silentio
528 3635 687 3706 castigavit,
709 3636 779 3707 quod
801 3650 853 3690 ιιοιι
873 3632 996 3688 crederet

202 3706 335 3773 sterilem,
350 3715 460 3776 propter
472 3706 587 3761 intrarant
600 3708 778 3763 resonantiam
791 3746 799 3773 ,
814 3713 995 3776 praegnantem

202 3775 282 3844 beti;
298 3777 343 3849 qni
358 3778 517 3833 reserandae
530 3777 621 3833 llarise
636 3788 741 3848 portum
756 3778 815 3832 sine
837 3789 937 3846 sponso
956 3775 997 3831 in-

201 3855 292 3903 turnm
306 3848 493 3914 norinatim-tu
506 3850 552 3919 qni
565 3858 687 3918 pastores
697 3848 730 3903 ad
741 3850 896 3914 speluncam
909 3846 995 3915 duait,

202 3927 232 3975 et
244 3918 402 3991 significavit
417 3934 478 3975 eunt
492 3921 538 3990 qui
552 3920 683 3975 contineri
696 3921 807 3989 nequit,
823 3921 849 3974 in
864 3918 996 3988 praesepio

201 4002 286 4055 essu,
310 3992 337 4045 in
360 3991 501 4046 cunabulis
515 3988 795 4059 incircumscriptunr;
815 4005 847 4046 ae
867 4004 927 4043 curn
943 3988 996 4044 illis

201 4074 351 4117 consonum
363 4062 396 4117 ad
406 4062 520 4133 gloriam
534 4062 580 4116 liei
594 4072 727 4116 canticum
741 4062 850 4116 emisit:
866 4059 955 4115 diario
968 4060 995 4115 iu

200 4132 381 4198 mettioeo,
396 4144 418 4188 et
429 4135 456 4187 in
467 4142 534 4187 terro
546 4147 607 4205 par,
618 4132 646 4186 iu
656 4132 798 4186 dominibus
812 4132 995 4200 beneplacitum

202 4203 289 4277 (buc.
312 4204 341 4260 2.
358 4204 425 4278 tl).
450 4201 524 4260 atius
547 4218 640 4274 rttagos
660 4202 768 4259 conibet
791 4219 826 4259 ιιι
848 4214 991 4286 tyrannum

201 4277 319 4331 adeant:
344 4276 389 4330 alii
414 4276 441 4330 in
463 4287 533 4330 terra
555 4275 743 4329 ministrabant
762 4276 870 4345 ei,an
893 4284 991 4329 terram

199 4347 302 4402 crearit
317 4364 323 4400 :
338 4347 406 4401 aliua
419 4361 547 4416 sponsum
563 4345 802 4417 virginissimae,
823 4362 858 4401 no
876 4345 993 4400 ditnittat

199 4428 232 4473 ut
254 4427 410 4487 corruptam
421 4432 502 4481 eam,
526 4432 586 4488 quas
608 4418 762 4490 incorrupta
781 4429 838 4474 erat
855 4434 862 4471 :
877 4417 945 4473 alins
958 4416 993 4470 ob

199 4487 397 4544 infanticidium
424 4488 460 4543 ab
478 4486 585 4543 llerude
616 4498 748 4559 patratum
776 4503 876 4560 sponso
899 4486 993 4543 suadet

199 4560 301 4629 lugam,
312 4568 340 4614 et
352 4566 441 4630 postca
452 4560 566 4614 reditum
577 4576 585 4625 ς
598 4559 730 4630 siquidem
742 4560 768 4614 in
778 4575 860 4616 carne
872 4558 993 4614 ridentes

164 4634 169 4643 '
198 4646 262 4686 eum
278 4632 322 4701 tpti
335 4632 469 4686 increatus
482 4640 549 4694 erat,
561 4645 700 4686 servornm
714 4646 790 4687 tatere
802 4633 852 4703 ipsi
863 4631 993 4685 ministra·

163 4750 166 4756 .
198 4702 275 4757 bant.
291 4702 379 4757 llirati
389 4710 452 4756 sunt
464 4702 535 4756 enim
550 4702 731 4757 iurtitndinetn
746 4702 815 4772 cius,
828 4718 880 4784 qua
895 4701 992 4757 iactum

199 4784 243 4829 est
258 4782 287 4828 nt
301 4781 418 4829 tetstatur
430 4772 573 4839 ceciderit,
589 4775 738 4829 seeundum
752 4774 861 4829 batidts
880 4786 991 4828 rocetrr:

199 4842 229 4899 ln
245 4846 370 4900 matribus
382 4844 508 4899 tollentes
519 4859 593 4911 enin,
606 4854 681 4899 extra
693 4846 795 4913 jactum
810 4844 930 4917 lapidum
943 4843 993 4898 de·

198 4924 341 4986 paruarum
359 4914 454 4988 (Paul.
469 4916 512 4972 90.
530 4915 593 4985 ti).
609 4916 674 4970 Nam
692 4914 813 4971 Tulerunt
828 4916 925 4986 lapides
943 4914 993 4969 Ju-

197 4989 268 5053 det,
285 4998 312 5041 ut
331 4990 443 5055 ιἰιιινιιι
456 4990 484 5041 in
498 5004 554 5041 curra
570 4985 666 5058 (doun.
681 4987 708 5042 8.
726 4984 789 5060 59).
808 4989 860 5042 alii
874 4988 993 5057 passioni
1013 5006 1021 5021 ·

196 5063 409 5115 eorrcnrrebant:
419 5058 463 5114 alii
474 5068 534 5129 post
541 5058 766 5114 resurrectionem
775 5073 861 5114 uacuo
870 5059 994 5129 scpulcra

196 5130 372 5196 assidebant,
392 5130 569 5201 lidelibnsque
583 5130 706 5185 dicebant
722 5131 899 5198 mulieribus,
924 5130 993 5199 Quid

196 5202 308 5272 meritis
323 5206 444 5275 uiueqtem
458 5217 516 5255 eum
536 5202 642 5255 mortuis
663 5200 752 5273 (Lus.
771 5200 817 5263 tt.
841 5203 858 5259 5
874 5202 906 5277 p?
928 5201 994 5257 Post

195 5275 384 5329 ascensionem
395 5283 484 5328 autom
492 5272 635 5328 satellitum
644 5273 981 5347 morediscipulisaderant

195 5344 270 5401 Petri
286 5344 389 5399 rincnla
405 5344 553 5410 solventes,
569 5342 643 5398 Pauli
657 5345 818 5413 pericula-in
834 5346 901 5401 mari
915 5353 942 5401 et
965 5345 991 5399 in

194 5425 266 5489 terra
290 5415 456 5482 allevantes,
471 5413 551 5469 iidem
565 5410 680 5471 Cornelii
698 5415 841 5487 jurantes,
859 5418 993 5488 justorum

195 5488 343 5542 occisorem
357 5486 490 5543 llerodcm
512 5486 654 5555 magnilica
671 5489 825 5559 loquentem
839 5489 992 5559 percutien-

194 5568 246 5615 tes.
268 5562 365 5615 llmton
387 5571 452 5631 ergo
468 5557 586 5614 maximo
596 5558 669 5631 digm
692 5569 756 5617 ιιιιιι
770 5561 891 5628 bettore,
906 5560 949 5633 qui
964 5569 993 5615 et

1067 1709 1148 1764 vitam
1163 1720 1282 1767 nostram
1300 1709 1418 1782 dirigunt
1430 1719 1442 1763 ι
1455 1711 1512 1769 Non
1527 1715 1607 1771 modo
1623 1719 1694 1774 enim
1707 1730 1801 1792 gentes
1811 1739 1863 1782 eu·

1061 1782 1240 1852 stodirejnssi
1254 1791 1316 1838 sunt
1327 1785 1425 1854 angeli,
1440 1795 1468 1839 ut
1481 1785 1722 1847 clatnatoraculum
1735 1811 1742 1847 :
1754 1794 1863 1861 Qttaude

1061 1853 1188 1908 dt'm'dedot
1209 1853 1355 1908 ditissimus
1369 1865 1454 1926 petales
1472 1859 1594 1928 ,patendo
1614 1860 1700 1932 disper
1717 1864 1773 1920 ebat
1793 1868 1862 1936 filios

1060 1923 1154 1989 Adorn,
1168 1925 1298 1980 constituit
1310 1928 1431 1982 tertninos
1445 1929 1600 1999 populorum
1610 1949 1686 1988 secun
1707 1952 1748 1991 ιιιιι
1765 1954 1856 1994 nume-

1059 2009 1118 2049 rum
1130 1997 1279 2068 angelorum
1296 1995 1343 2051 lter·
1358 1995 1454 2068 (Daui.
1469 1999 1515 2065 52,
1531 1999 1567 2073 8)
1580 2017 1588 2067 ;
1600 2003 1647 2058 sed
1661 2005 1742 2061 ιιίιιιι
1757 2010 1861 2082 'sittguli

1059 2063 1182 2124 homines
1197 2065 1422 2136 attgelum‘sortiti
1440 2080 1513 2126 suin.
1526 2069 1585 2127 Non
1601 2090 1676 2132 ruens
1693 2087 1735 2132 est
1748 2093 1858 2151 sermo,

1058 2137 1106 2192 sed
1123 2137 1220 2194 ditium
1234 2139 1387 2210 Scriptura.
1402 2139 1469 2196 Nam
1498 2143 1586 2213 puella
1615 2145 1710 2203 erode
1732 2153 1860 2218 apostolis

1059 2209 1199 2264 nntniante
1216 2217 1279 2266 ante
1294 2211 1366 2266 iores
1380 2223 1452 2270 stare
1465 2212 1592 2278 Petrum,
1607 2217 1652 2285 qni
1668 2217 1786 2276 llerodis
1800 2223 1858 2280 rin·

1058 2281 1117 2334 cula
1131 2280 1283 2352 elitrgisset,
1298 2297 1351 2336 non
1368 2283 1507 2340 eredentes
1520 2285 1558 2340 illi
1576 2286 1703 2345 dicebant
1718 2308 1725 2346 :
1746 2291 1859 2365 Anpelus

1057 2351 1114 2423 ejus
1136 2363 1172 2406 ιιι
1194 2351 1271 2423 (Αιι.
1296 2353 1420 2424 11.15).
1443 2353 1506 2410 bac
1529 2359 1687 2414 testilleatnr
1711 2361 1774 2418 item
1793 2364 1857 2421 Ser·

1057 2432 1144 2488 tator,
1159 2423 1193 2479 de
1206 2423 1239 2478 iis
1253 2425 1298 2494 oui
1312 2425 1338 2480 in
1355 2425 1408 2480 uita
1425 2427 1514 2494 pusilli
1527 2438 1604 2484 eram
1617 2429 1730 2502 loquens
1745 2451 1752 2489 :
1769 2433 1857 2492 Videte

1058 2508 1090 2547 rte
1103 2495 1269 2550 euntenruutr's
1281 2512 1361 2550 unum
1373 2513 1404 2552 es
1419 2497 1459 2550 bis
1480 2500 1600 2567 pusillis:
1615 2501 1672 2556 dico
1687 2504 1753 2559 eninr
1769 2507 1853 2574 uobis,

1056 2565 1116 2636 quio
1130 2566 1215 2636 unpeli
1226 2582 1313 2622 eornm
1327 2567 1354 2622 iu
1372 2569 1442 2624 coelr's
1456 2585 1554 2644 miraper
1567 2571 1651 2628 uident
1663 2572 1754 2646 [edent
1769 2575 1856 2634 Putris

1056 2635 1115 2702 saei,
1131 2637 1174 2703 oui
1184 2639 1210 2692 in
1222 2637 1291 2692 ecelis
1310 2648 1347 2692 est
1359 2637 1467 2711 (lloltlt.
1480 2640 1524 2696 18.
1540 2641 1601 2712 10).
1617 2641 1644 2698 itt
1655 2645 1766 2716 sittgrtlis
1776 2664 1856 2719 porro

1055 2703 1187 2764 Ecclesiis
1210 2709 1319 2780 angelos
1346 2710 1472 2765 custodes
1496 2713 1634 2769 coristitnit
1656 2715 1803 2788 cbristus,
1827 2730 1856 2776 nt

1054 2773 1152 2833 Joattni
1177 2782 1300 2834 revelans
1322 2781 1359 2834 ait
1374 2798 1381 2834 ε
1395 2780 1443 2835 Die
1462 2785 1553 2852 angelo
1578 2783 1699 2842 Ecclesia:
1714 2787 1761 2852 Sur
1781 2807 1856 2846 rnoe:

1055 2845 1116 2903 Seio
1131 2861 1305 2919 paupertatem
1321 2860 1391 2905 tuom
1415 2861 1438 2907 ιι
1460 2855 1664 2923 tribulationem,
1680 2859 1725 2913 sed
1739 2858 1807 2916 danes
1827 2879 1854 2918 cs

1055 2917 1064 2987 (
1080 2919 1161 2989 Apros.
1176 2919 1203 2974 2.
1218 2922 1245 2976 8.
1261 2919 1277 2977 9
1292 2920 1312 2993 ).
1327 2922 1396 2991 Quid
1409 2923 1486 2986 dieis,
1505 2925 1637 2983 llominel
1651 2927 1810 2999 dicessum,
1826 2943 1855 2990 ct

1053 3003 1113 3046 sum
1130 2991 1253 3063 pauper?
1267 3008 1315 3048 cur
1328 3008 1371 3048 rne
1385 3008 1453 3049 vano
1466 2995 1535 3052 ditas
1550 3000 1676 3056 nuttrinel
1691 2999 1756 3056 Nam
1772 3004 1794 3057 si
1805 3003 1847 3058 di-

1053 3075 1101 3116 vcs
1111 3077 1182 3128 sura,
1197 3078 1249 3117 non
1260 3079 1318 3118 sum
1331 3079 1431 3134 pauper
1440 3082 1449 3134 3
1458 3066 1480 3122 si
1492 3080 1602 3138 pauper,
1613 3069 1748 3142 qttomodo
1761 3074 1853 3130 dines?

1053 3130 1136 3189 llnlta
1149 3133 1221 3189 euim
1232 3142 1274 3191 ιιι
1283 3134 1390 3191 diuitias
1404 3137 1474 3194 inter
1483 3146 1510 3194 et
1520 3151 1703 3211 paupertatem
1714 3143 1850 3214 distantia,

1052 3215 1083 3258 ut
1098 3205 1154 3275 ipse
1176 3204 1346 3273 testificaris;
1368 3206 1456 3265 ltiatus
1469 3226 1582 3283 magnus
1596 3222 1638 3269 est
1657 3214 1727 3271 inter
1741 3218 1851 3274 divitem

1053 3283 1081 3357 et
1097 3291 1251 3346 pauperem.
1269 3277 1347 3335 Dives
1359 3293 1504 3350 pauperem
1517 3294 1678 3351 evomatur,
1693 3302 1794 3359 pmuper
1808 3290 1850 3344 di·

1052 3356 1135 3401 ritem
1159 3348 1272 3419 suspicit
1287 3367 1294 3404 :
1308 3352 1450 3407 contrariae
1472 3368 1517 3407 ιιι
1537 3363 1615 3422 snrtt,
1632 3355 1772 3429 inarqnalis
1786 3360 1849 3415 nita.

1054 3414 1102 3473 llle
1115 3433 1233 3489 natntpue
1248 3420 1275 3475 in
1291 3422 1419 3477 aerumnis
1431 3424 1597 3494 ingemiseit,
1610 3424 1654 3482 iric
1668 3430 1849 3499 uoluptatibus

1050 3501 1111 3543 sese
1126 3499 1263 3547 ostentat:
1280 3491 1325 3547 bic
1338 3506 1434 3562 panem
1448 3496 1568 3565 expetit,
1590 3496 1635 3553 ille
1648 3499 1717 3570 gulae
1731 3501 1849 3556 obleeta-

1050 3562 1149 3643 mentis
1164 3562 1364 3633 superabundat
1379 3582 1385 3619 :
1401 3564 1445 3620 bic
1459 3566 1513 3620 vini
1530 3566 1666 3624 heminam
1683 3586 1737 3625 nott
1753 3572 1847 3641 babet,

1050 3630 1096 3713 tlle
1109 3648 1135 3685 ιιι
1150 3634 1259 3703 crapula
1273 3633 1580 3706 absorptusebrietatem
1591 3649 1693 3696 eructat
1708 3659 1715 3697 :
1730 3642 1774 3699 bie
1786 3658 1849 3713 pan·

1049 3716 1093 3784 ms
1106 3702 1203 3759 laceris
1216 3704 1330 3761 amictus
1344 3715 1407 3774 est,
1426 3708 1472 3763 ille
1487 3710 1568 3764 ratiis
1584 3720 1694 3768 ornatur
1707 3714 1825 3770 vestibus
1840 3734 1847 3770 :

1050 3773 1094 3855 luc
1107 3776 1132 3828 in
1148 3774 1302 3846 parimento
1313 3777 1515 3848 jaeetabjectns
1527 3789 1555 3835 et
1565 3781 1689 3853 vigilans,
1703 3784 1747 3839 ille
1760 3787 1848 3842 stertit

1049 3860 1076 3899 ιιι
1093 3844 1162 3901 lecto
1177 3846 1287 3903 delicias
1308 3848 1467 3904 somnians:
1484 3850 1527 3905 bic
1548 3856 1696 3909 teruncium
1712 3858 1789 3927 petit,
1804 3856 1848 3914 ille

1049 3929 1116 3996 auro
1129 3916 1262 3972 obruitur.
1275 3917 1325 3985 Qui
1336 3920 1407 3975 enim
1420 3918 1583 3978 thesaurizat
1593 3938 1644 3980 nce
1656 3936 1760 3997 erogat,
1772 3930 1848 3985 sirni-

1048 3986 1082 4042 lts
1101 3996 1142 4041 est
1166 3989 1275 4057 pauperi
1300 3991 1471 4061 ntagrrillcum
1492 3994 1646 4064 sepulcrum
1669 4000 1846 4068 exspectanti.

1049 4057 1104 4139 Sed
1115 4074 1201 4129 ιιιιμιι
1212 4058 1250 4113 1111
1263 4062 1468 4142 tempestatibus
1480 4065 1619 4135 aequaliter
1633 4066 1767 4125 l'rnuntrtr.
1782 4068 1847 4125 Pau·

1049 4144 1107 4200 pert
1128 4145 1243 4201 nantque
1256 4146 1345 4203 grat-ts
1357 4140 1399 4187 est
1413 4133 1517 4200 biems,
1538 4136 1582 4207 qui
1606 4152 1659 4194 ιιοιι
1680 4140 1776 4195 babeat
1794 4156 1848 4213 qrto

1048 4216 1078 4267 se
1100 4198 1240 4255 calefaciat
1254 4219 1261 4267 ;
1277 4202 1352 4257 diviti
1374 4205 1453 4260 troxia
1474 4213 1555 4263 ιιιιιι
1569 4224 1602 4264 ex
1617 4209 1735 4281 ingluvie
1750 4219 1845 4269 testum

1046 4285 1100 4351 narn
1112 4269 1225 4327 terente.
1240 4272 1381 4341 Quomodo
1402 4277 1483 4347 igitur
1495 4277 1565 4333 idem
1580 4280 1637 4348 ipse
1648 4290 1689 4337 est
1704 4296 1805 4353 pauper
1818 4296 1845 4340 ιι

1046 4340 1140 4397 dores?
1155 4341 1241 4399 Vertis
1255 4351 1297 4399 est
1309 4358 1415 4412 sermo,
1430 4357 1458 4403 et
1471 4363 1551 4403 verax
1566 4352 1612 4422 qui
1628 4351 1756 4423 loquitur.
1772 4354 1843 4410 Pau-

1046 4427 1125 4483 peres
1137 4413 1317 4483 quidenr'sunt
1328 4416 1409 4489 aliqui
1420 4419 1455 4475 ob
1465 4420 1585 4489 peerrntae
1599 4422 1715 4493 inopiam
1726 4439 1734 4491 ;
1746 4424 1845 4482 divites

1046 4492 1135 4540 autern
1149 4484 1210 4541 lidei
1227 4486 1368 4542 thesauris.
1379 4489 1473 4545 llelius
1486 4502 1575 4546 antem
1588 4506 1648 4549 esse
1661 4508 1803 4565 pauperem
1819 4498 1845 4553 in

1046 4555 1127 4637 rebus
1137 4557 1321 4625 saecularibus,
1333 4568 1360 4615 et
1370 4559 1479 4616 divitem
1491 4563 1518 4615 in
1528 4562 1726 4632 spiritualibus:
1739 4567 1844 4625 illorum

1046 4641 1144 4697 qrrtppe
1158 4628 1218 4683 nois
1230 4638 1271 4684 est
1284 4632 1439 4702 curruptio;
1454 4632 1549 4688 borum
1562 4647 1638 4702 vero,
1650 4635 1763 4704 lucrum,
1774 4641 1844 4708 qttod

1046 4696 1145 4753 aulerci
1166 4701 1267 4771 treqtdt.
1284 4700 1399 4773 ideoque
1416 4704 1454 4757 ait
1466 4702 1661 4762 Filiusaiiolite
1674 4708 1847 4766 thesaurisare

1046 4767 1115 4824 uobis
1133 4769 1263 4825 llresunros
1275 4772 1303 4827 t'u
1311 4784 1378 4826 tenu
1388 4772 1494 4847 (diuitis.
1506 4774 1533 4831 6.
1543 4777 1589 4847 lit)
1600 4791 1608 4845 ;
1621 4793 1670 4834 ιιιιι
1681 4794 1796 4836 ιιιιιιιιι
1809 4782 1844 4837 ad

1047 4839 1279 4924 tbesanrizandunt
1287 4843 1483 4911 itterelestibus,
1491 4846 1524 4901 ad
1535 4847 1844 4935 alettdumpanperesad

1047 4911 1206 4967 nrsttaodurn
1221 4914 1352 4981 intirmos,
1367 4915 1401 4970 ad
1416 4918 1558 4987 tegendum
1573 4934 1620 4976 eos
1630 4936 1675 4991 ont
1688 4922 1747 4979 sine
1757 4926 1846 4995 operi·

1046 4991 1137 5039 memo
1152 4990 1234 5052 sunt,
1249 4982 1283 5039 ad
1298 4986 1487 5042 retnilteudnm
1502 4988 1668 5048 debitoribus
1688 4994 1803 5063 egenis,
1818 5006 1846 5051 et

1046 5054 1079 5109 ad
1092 5054 1270 5123 expetendum
1282 5070 1298 5109 a
1312 5056 1366 5112 lleo
1377 5056 1475 5114 loenus.
1487 5058 1553 5115 Nam
1569 5060 1619 5127 Qui
1633 5064 1765 5120 miseretur
1779 5082 1844 5137 puu-

1046 5124 1135 5209 perr's,
1155 5127 1294 5197 terreatur
1308 5125 1364 5182 lieo
1385 5127 1486 5203 (Pras.
1512 5131 1555 5188 19.
1577 5132 1611 5189 17
1623 5132 1643 5206 ).
1668 5134 1731 5191 llaec
1745 5139 1845 5208 quippe

1046 5196 1168 5251 ndentes
1188 5198 1274 5268 angeli
1289 5238 1296 5266 ,
1311 5197 1345 5254 ad
1357 5196 1478 5257 iudicem
1498 5204 1684 5261 uniuersorum
1699 5206 1819 5264 celarunt
1835 5226 1842 5263 ι

1046 5266 1092 5323 illo
1103 5282 1167 5322 tero
1178 5266 1254 5338 jubet
1268 5284 1315 5327 eos
1326 5270 1417 5327 dicere
1429 5274 1550 5343 operanti
1570 5274 1670 5333 bonum
1686 5294 1694 5335 a
1709 5276 1844 5348 Orationes

1046 5346 1097 5393 tua:
1110 5348 1133 5394 ιι
1148 5338 1313 5413 eleenrosgnoe
1324 5351 1376 5397 tuoe
1387 5345 1555 5401 emendarunt
1569 5346 1595 5401 in
1608 5349 1755 5404 tnetnariutn
1769 5351 1806 5405 tui
1815 5354 1842 5405 in

1045 5420 1179 5479 conspectu
1194 5410 1242 5467 llei
1257 5414 1332 5485 (det.
1348 5416 1393 5471 tu.
1406 5418 1424 5471 l
1436 5416 1458 5487 ).
1472 5416 1525 5487 lpsi
1546 5418 1631 5490 gloria
1645 5429 1674 5477 et
1687 5420 1841 5493 imperium,

1046 5497 1118 5567 nune
1130 5494 1157 5539 et
1169 5498 1286 5556 sertrper,
1301 5494 1329 5543 ιι
1343 5486 1370 5543 in
1382 5487 1478 5549 saetula
1494 5490 1664 5549 saeculorum.
1678 5493 1776 5552 Amen.
