4084 6350
16 3444 17 3455 χ
128 3389 265 3434 nuurero
278 3374 491 3437 llomiliarum
504 3375 722 3449 indemnem,
735 3375 774 3436 de
786 3376 867 3437 urbe
879 3376 913 3436 in
925 3390 992 3454 qua
1002 3374 1071 3439 brec
1081 3376 1292 3439 concionatus
1305 3379 1365 3451 est,

794 771 849 832 ab
869 765 1066 832 noffltlas

369 932 445 1049 s.
482 855 880 1047 nonnum
909 920 1541 1040 mrsosronn

740 1126 800 1210 IN
831 1124 860 1206 J
861 1122 1124 1208 OANNEM·
1324 1139 1330 1150 ’

636 1289 1259 1335 υ-ιη-εῧσΰῖιι--ιο
1361 1318 1365 1325 .

169 1417 213 1480 lid
233 1415 381 1480 homilias
402 1416 435 1477 in
460 1415 671 1495 Evangelium
687 1414 822 1477 loannis
838 1411 967 1476 tandem
980 1412 1187 1484 devenimus,
1200 1411 1256 1472 ubi
1269 1427 1388 1473 novum
1403 1427 1539 1488 prorsus
1550 1413 1766 1506 condonandi

128 1497 236 1568 ritum,
252 1496 414 1558 insolitam
422 1493 689 1574 deprehendimus
704 1492 881 1554 disserendi
898 1491 1069 1554 rationem.
1083 1489 1206 1570 Stylnm
1221 1503 1300 1552 sane
1311 1489 1460 1551 eumdem
1468 1490 1768 1564 cernimus,dicuo·

130 1593 202 1634 nem
213 1592 349 1651 prorsus
369 1573 524 1644 similem
543 1571 754 1648 eumdemque
769 1571 876 1632 statim
892 1570 1099 1649 agnoscimus
1113 1566 1237 1630 dicendi
1252 1567 1408 1630 artificem
1424 1566 1691 1661 Chrysestomum
1707 1588 1715 1628 r
1731 1571 1766 1663 in

130 1653 240 1714 ordine
254 1659 362 1714 autem
376 1655 407 1712 et
419 1651 599 1732 argumenti
615 1649 741 1712 ratione
755 1665 874 1728 magna
888 1667 959 1710 sese
974 1647 1068 1709 otiert
1081 1646 1263 1708 diversitas.
1277 1646 1314 1707 ln
1331 1651 1453 1708 catenis
1468 1662 1611 1726 namque
1624 1665 1658 1708 ιιι
1674 1647 1768 1710 Serr-

129 1737 256 1808 pturam
271 1746 396 1792 sacram
409 1727 675 1800 Commentariis,
691 1728 897 1804 maximeque
915 1727 949 1786 in
963 1724 1112 1786 llomitiis
1129 1726 1163 1784 in
1173 1723 1369 1795 llattbaeum,
1378 1729 1551 1861 postquam
1564 1725 1768 1806 singulorum

130 1825 281 1870 versuum
294 1809 422 1869 literam
436 1807 634 1886 explanavit,
654 1805 824 1868 occasione
839 1822 881 1866 cx
898 1804 981 1866 serie
995 1807 1135 1884 sumpta,
1151 1802 1190 1865 ad
1203 1818 1329 1862 morum
1344 1803 1379 1862 in
1392 1803 1606 1864 ormationem
1618 1808 1767 1882 spectan-

130 1887 176 1948 tia
188 1886 288 1948 multa
301 1887 483 1960 interserit;
499 1890 597 1962 atque
606 1886 640 1946 in
654 1885 718 1946 tine
731 1883 897 1946 concionis
908 1881 1130 1962 longissimam
1142 1880 1298 1943 moralem
1308 1879 1565 1942 adhortationem
1573 1880 1693 1962 adjicit,
1702 1900 1769 1962 qna
1887 1925 1899 1953 .

131 1969 164 2024 et
177 1981 344 2042 procerum
358 1969 389 2024 et
404 1964 608 2043 popularium
623 1964 701 2026 vitia
715 1963 908 2034 insectatur,
924 1968 1022 2039 atque
1035 1960 1075 2024 ad
1092 1961 1243 2022 virtutem
1259 1958 1439 2020 adeundam
1453 1959 1601 2022 stimulos
1616 1960 1713 2022 addit
1730 1961 1770 2024 lu

130 2042 216 2134 hisce
228 2047 335 2104 autem
348 2043 381 2104 in
391 2043 550 2135 loannem
559 2041 709 2134 llomiliis
719 2041 784 2104 alio
791 2039 1005 2134 poncionandi
1016 2057 1134 2178 periere
1144 2037 1297 2130 procedit.
1308 2039 1431 2130 Passim
1443 2055 1585 2130 namque
1596 2043 1770 2119 postquam

130 2121 274 2212 singulos
289 2139 402 2183 versus
415 2122 541 2194 attulit,
557 2121 695 2213 illosque
711 2137 851 2184 maxime
864 2135 947 2196 quos
962 2117 1293 2258 ⁰³¹h9¹¹⁰2⁸fflffi¹
1300 2115 1771 2275 fflffllgwffiufffibfflffi

130 2199 707 2356 pipprpppppppppipltlrpeiriprppurillcrpplpp
713 2202 1026 2356 hhgsltelsmffiuggh
1042 2215 1127 2354 pzrpe
1134 2291 1250 2368 manus
1258 2275 1483 2366 conserebant,
1492 2239 1585 2366 a'rjma
1594 2275 1768 2368 ministrat.

130 2353 189 2415 Hic
202 2373 317 2433 scopus
330 2357 469 2418 oratoris
482 2349 676 2435 praecipuus,
688 2372 727 2416 eo
740 2371 856 2416 nereos
871 2371 982 2420 omnes
995 2353 1170 2425 contendit,
1183 2358 1220 2445 ut
1233 2351 1452 2444 Christianum
1465 2352 1612 2428 militem,
1621 2371 1679 2432 qur
1689 2371 1769 2433 pas-

130 2435 191 2494 sim
204 2440 316 2496 contra
330 2434 496 2496 hereticos
509 2435 703 2508 decertabat,
718 2433 758 2496 ad
770 2433 901 2494 illorum
916 2431 1106 2510 depellenda
1120 2431 1185 2494 tela
1197 2436 1356 2492 instituat.
1577 2510 1585 2524 ο
1723 2450 1732 2466 ·

169 2512 244 2576 ilaec
257 2529 355 2590 porro
371 2513 484 2576 nonin
498 2515 648 2574 omnibus
665 2511 803 2573 homiliis
817 2514 1005 2582 occurrunt,
1024 2510 1126 2572 sedin
1141 2509 1182 2571 iis
1195 2515 1322 2572 tantm
1336 2509 1393 2572 ubi
1410 2525 1450 2571 ea
1467 2510 1603 2573 ioanms
1620 2510 1693 2573 loca
1704 2527 1771 2572 ex·

128 2589 303 2668 plicantur,
319 2607 391 2668 qnae
408 2592 460 2654 vel
479 2592 519 2654 ad
538 2591 754 2668 equalitatem
774 2589 1207 2667 consubstantialitatemque
1223 2589 1327 2650 Patris
1341 2593 1373 2682 et
1389 2588 1463 2650 Filii
1498 2587 1678 2682 subendam
1692 2605 1713 2652 a
1736 2594 1771 2654 ta

129 2671 217 2741 sunt,
232 2669 282 2730 vel
295 2685 369 2747 qun
381 2671 423 2732 ab
437 2669 592 2732 hereticis
607 2669 648 2731 ad
661 2669 750 2731 illam
763 2667 1017 2746 impugnandam
1031 2669 1287 2759 usurpabantnr.
1304 2668 1362 2728 llbr
1380 2684 1457 2730 sero
1471 2606 1511 2729 Xe
1526 2667 1694 2732 diurnitate
1711 2607 1772 2732 Σο-

130 2763 194 2824 que
212 2749 546 2810 consubstantialitate
566 2747 639 2808 Filii
659 2765 726 2808 non
747 2748 872 2826 agitur,
891 2746 1017 2809 literam
1026 2747 1089 2838 .¹¹¹⁰.
1102 2747 1420 2838 paucis-plerumque
1431 2747 1598 2840 explanat.
1611 2747 1770 2811 Moralem

129 2842 260 2914 aa...
269 2824 1772 2985 llili'¹ltff”bliallltllllaltiititt·t.illitteratisleitilai:

128 2907 532 3045 hliffimmstihffirhlilliis'in
547 2983 744 3046 Matthoeum.
1081 2949 1090 2979 '
1299 3049 1304 3054 .

170 3059 251 3120 Hinc
260 3063 346 3124 certe
353 3059 420 3154 J'am
435 3062 542 3124 multae
552 3065 733 3142 exsurgunt
743 3063 937 3140 quaestiones
948 3083 956 3123 e
968 3062 1103 3156 quinam
1115 3079 1230 3140 nempe
1241 3061 1467 3134 sterneretur,
1479 3063 1537 3140 qni
1548 3062 1771 3142 chrysostomi

129 3138 291 3201 auditores
304 3139 378 3201 telis
396 3157 438 3201 ex
451 3140 585 3202 loannis
599 3140 776 3221 Evangelio
787 3141 964 3220 desumptis
978 3141 1176 3219 impetebant
1188 3160 1197 3211 3
1210 3156 1269 3201 cur
1282 3140 1355 3201 illos
1364 3139 1613 3219 chrysostomus
1628 3157 1694 3203 non
1709 3158 1770 3203 no·
1873 3156 1878 3165 ’

129 3216 230 3277 minet
244 3236 251 3277 :
266 3235 308 3279 ex
321 3233 388 3295 qua
401 3217 523 3282 tamilla
535 3218 597 3280 orti
612 3219 646 3279 hi
661 3220 800 3281 baeretici
819 3224 949 3293 essent3
967 3219 1086 3312 quibps
1103 3217 1244 3280 maxime
1260 3220 1462 3311 argumentis
1477 3218 1674 3310 pbjectlonos
1685 3220 1771 3283 luci-

129 3293 279 3372 fugarum
296 3295 506 3360 confutandas
526 3314 598 3359 esse
616 3297 738 3359 doceat.
759 3297 834 3359 lloec
850 3314 948 3375 perro
968 3312 1079 3359 omnia
1100 3296 1283 3375 expendere
1300 3314 1367 3357 nnn
1376 3298 1771 3441 ppgcpbpppoppptpppprdrps

127 3466 194 3527 que
205 3452 276 3514 aliis
290 3453 454 3517 nonnullis
469 3453 616 3532 quiedam
632 3454 890 3532 premiserimus.
1693 3419 1702 3453 ’

127 3574 146 3647 ¹t
160 3570 185 3631 l.
212 3570 240 3631 1.
259 3550 451 3635 Declamare
471 3573 682 3637 Homitiornm
703 3574 737 3639 in
755 3575 917 3637 Ioannem.
936 3575 967 3635 2.
990 3576 1109 3653 Quoia
1129 3574 1204 3637 erbe
1225 3574 1314 3639 bases
1335 3574 1480 3639 homilias
1500 3575 1644 3641 babuerit
1665 3576 1771 3659 Cirp-

570 3661 733 3723 sostonnss,
748 3650 969 3723 Antiochiano,
985 3673 1026 3716 on
1040 3654 1324 3735 Constantinopoli.

124 3757 129 3769 ’
170 3750 201 3809 1.
216 3750 363 3813 Humilia
372 3750 405 3812 in
418 3751 575 3815 ioannem
585 3752 670 3831 apud
685 3752 840 3815 Sarilium
854 3754 1017 3835 octoginta
1030 3758 1103 3817 octo
1113 3754 1272 3826 teruntur,
1284 3756 1370 3834 apud
1381 3755 1552 3820 llorellunr
1566 3766 1675 3820 autem
1685 3762 1772 3823 octo·

126 3830 220 3907 ginta
242 3834 363 3907 septem
375 3834 500 3891 tantum
512 3875 521 3905 ,
535 3830 796 3909 quandoquidem
810 3832 963 3894 Mosellus
979 3833 1116 3911 primam
1130 3833 1276 3911 prooemii
1296 3838 1422 3897 tantum
1445 3835 1518 3897 leco
1540 3836 1649 3915 ponit,
1662 3854 1770 3915 neque

126 3907 220 3969 illam
234 3908 407 3971 llomiliam
420 3909 555 3987 primam
572 3910 741 3983 inscribit,
756 3912 833 3988 quia
848 3911 995 3975 videlicet
1009 3912 1091 3973 nibil
1103 3911 1328 3991 deErangelio
1340 3913 1475 3977 loannis
1490 3914 1523 3975 in
1537 3915 1599 3978 bac
1611 3917 1769 3979 concione

123 3985 322 4063 explicatur,
335 3990 449 4065 estque
463 3990 588 4049 tantum
607 3988 701 4066 quasi
717 3989 907 4081 praeludiuni
920 3990 961 4053 ad
981 3991 1230 4069 explicationem
1243 3989 1387 4070 ejusdem
1399 3992 1580 4073 Evangelii.
1595 3989 1718 4056 Verum
1732 4002 1770 4059 ut

126 4068 166 4123 ut
178 4082 229 4125 res
243 4066 311 4136 est,
328 4064 389 4125 hoc
400 4066 591 4143 prooemium
605 4082 669 4127 non
682 4084 788 4131 minus
804 4069 917 4131 concio
932 4073 963 4131 et
978 4068 1111 4133 bomilia
1123 4074 1192 4139 est,
1208 4086 1307 4148 quam
1317 4075 1440 4133 catera
1452 4077 1625 4149 sequentes
1639 4076 1769 4135 concin-

125 4159 200 4203 nes.
211 4143 289 4204 Nam
298 4142 349 4203 hic
362 4144 517 4221 pupulum
533 4144 722 4223 alloquitur,
736 4146 775 4209 ad
786 4148 936 4209 virtutem
948 4147 1108 4220 bortatur,
1121 4147 1236 4210 avitiis
1247 4152 1347 4221 arcet,
1361 4150 1537 4228 omniaque
1545 4152 1768 4215 concionantis

126 4220 242 4297 implet
255 4218 371 4283 cilicia.
383 4222 599 4297 Quamobrem
609 4224 684 4301 iure
701 4224 789 4287 illam
799 4226 937 4289 Savilius
954 4226 1117 4305 inscripsit
1128 4226 1302 4289 llomiliam
1316 4227 1455 4305 primam
1471 4245 1480 4288 t
1500 4245 1598 4306 quem
1613 4232 1709 4308 sequi
1723 4234 1769 4295 vi-

126 4316 203 4358 sum
218 4302 276 4360 est.
292 4298 413 4360 Verum
427 4300 504 4378 quia
517 4300 642 4363 llorelli
656 4302 778 4377 Editio,
795 4320 867 4382 quae
879 4320 898 4365 a
911 4305 1019 4367 multis
1035 4306 1130 4367 annis
1147 4306 1292 4367 omniurn
1307 4305 1455 4367 manibus
1471 4306 1598 4381 teritur,
1617 4312 1655 4369 ut
1666 4309 1769 4386 pluri-

127 4394 220 4437 mum
239 4393 260 4439 a
278 4374 488 4455 scriptoribus
505 4379 639 4442 atiertnr
655 4382 689 4443 in
709 4382 867 4456 medium,
883 4382 972 4460 iique
986 4384 1164 4445 secundum
1176 4384 1402 4447 blnrellianam
1418 4384 1599 4449 Editionem
1613 4386 1767 4451 homilias

128 4460 324 4529 numerant;
339 4472 495 4535 eamque,
511 4458 649 4538 exempli
663 4476 774 4533 causa,
789 4462 976 4540 vigesimam
989 4478 1110 4525 nonam
1128 4462 1319 4536 inscribunt,
1334 4476 1408 4540 qun
1420 4464 1599 4527 secundum
1610 4465 1767 4529 Savilium

124 4539 160 4592 et
174 4533 471 4597 secundunrseram
486 4537 675 4599 numerandi
692 4539 851 4601 rationem
869 4539 1033 4618 trigesima
1050 4544 1115 4616 est,
1130 4541 1164 4603 in
1183 4557 1310 4603 summa
1330 4541 1450 4633 pagina
1463 4547 1637 4622 utrumque
1649 4562 1768 4617 nume-

123 4628 204 4671 rum
216 4613 263 4673 sic
276 4612 443 4675 attulimus
459 4634 467 4672 ι
481 4614 625 4677 Humilia
637 4615 796 4696 trigesimo
809 4618 852 4681 al.
864 4616 1011 4696 vigesima
1022 4636 1118 4689 nono,
1135 4623 1166 4682 et
1178 4621 1224 4682 lta
1235 4637 1367 4698 quoque
1381 4638 1416 4681 sn
1427 4621 1511 4683 aliis.

167 4690 261 4752 Hanc
275 4708 372 4768 porro
385 4692 575 4755 numerandi
589 4695 776 4758 varietatem
790 4714 854 4757 non
869 4714 940 4758 esse
952 4702 1115 4761 recentem
1129 4698 1243 4761 suadet
1256 4697 1427 4761 Facundus
1441 4699 1695 4777 hermianensis,
1707 4707 1766 4781 qui

121 4766 214 4829 libro
229 4768 266 4839 3,
284 4786 312 4831 c.
330 4770 366 4843 3,
380 4787 410 4848 p.
426 4768 502 4845 11t,
518 4772 752 4853 sexagesimam
767 4781 891 4838 sextam
910 4774 985 4837 dicit
1000 4792 1071 4837 eam
1082 4793 1156 4855 quas
1172 4794 1247 4839 rere
1259 4776 1462 4856 sexagesima
1472 4780 1608 4857 septima
1624 4784 1684 4843 est.
1700 4782 1768 4844 Ve-

120 4862 202 4907 rum
217 4847 319 4909 altera
332 4849 428 4911 etiarn
443 4849 633 4913 numerandi
649 4853 731 4915 ratio
744 4896 752 4927 ,
767 4870 840 4932 qun
856 4871 931 4917 vera
945 4855 1058 4932 ntique
1072 4861 1132 4928 est,
1148 4854 1234 4935 apud
1253 4856 1335 4917 alios
1358 4856 1392 4917 in
1412 4874 1475 4919 usu
1495 4858 1595 4921 tuisse
1609 4876 1767 4937 compro-

121 4924 237 4986 batur.
258 4924 459 5004 prrnmins
472 4929 558 4989 enim
580 4930 798 4993 Antiochenus
831 4932 1027 4995 undecimam
1059 4939 1209 4998 numerat
1235 4950 1308 4995 eam
1330 4951 1404 5012 quas
1423 4935 1492 5016 jam
1510 4936 1680 5000 undecima
1703 4945 1764 5000 est.

16 5038 17 5063 ι
119 5001 286 5081 namque
303 5006 494 5069 numerandi
514 5007 672 5071 rationem
698 5014 879 5090 sequuntur
899 5010 1031 5097 Codices
1055 5013 1156 5077 Graeci
1179 5013 1410 5092 manuscripti,
1430 5032 1513 5094 qnos
1533 5016 1689 5079 hactenus
1709 5017 1766 5079 ri·
1854 5096 1859 5102 ὁ

117 5080 205 5141 dere
221 5082 322 5143 licuit.

166 5159 200 5217 2.
218 5160 326 5225 Altera
344 5165 490 5244 exsurgit
501 5166 656 5243 questio,
680 5184 722 5231 an
741 5168 888 5232 videlicet
906 5169 1109 5243 Antiochia,
1132 5187 1176 5234 an
1196 5170 1476 5251 Constantinopoli
1496 5172 1593 5235 hasce
1612 5170 1762 5240 homilias

38 5292 40 5295 .
116 5236 378 5318 Chrysostomus
393 5242 553 5305 habuerit.
566 5240 644 5309 Utra
657 5246 690 5308 in
700 5248 780 5311 urbe
791 5253 837 5310 tot
846 5249 1017 5313 conciones
1031 5251 1148 5313 habita
1159 5249 1236 5323 sint,
1246 5251 1280 5311 in
1293 5250 1372 5329 ipsis
1380 5251 1590 5313 concionibus
1601 5267 1763 5331 nusquam

116 5316 368 5397 deprehendere
385 5322 561 5399 potuimus.
576 5324 656 5385 Nam
671 5327 698 5387 si
713 5344 780 5405 qua
794 5334 902 5391 essent
919 5328 1002 5391 uude
1017 5328 1236 5409 conjecturam
1249 5329 1366 5392 ducere
1380 5343 1569 5408 possemus,
1588 5347 1631 5392 ex
1646 5348 1765 5411 perpe-

116 5396 192 5458 tuis
210 5414 323 5477 nempe
339 5400 576 5465 velitationibus
585 5402 742 5469 adversus
755 5424 810 5469 eos
823 5409 880 5485 qui
892 5422 1004 5486 parem
1015 5413 1159 5486 paternae
1169 5412 1359 5487 potestatem
1367 5409 1400 5470 in
1410 5408 1493 5469 Filio
1505 5426 1576 5471 esse
1587 5412 1762 5489 negabant,

115 5476 183 5565 qui
200 5476 568 5567 consubstantialitatem
582 5486 830 5563 oppugnabant,
842 5488 996 5549 adversus
1012 5491 1184 5554 Anomoeos
1199 5504 1326 5565 nempe,
1341 5489 1424 5566 quoi
1439 5487 1562 5566 ubique
1572 5488 1762 5560 insectatur,

16 5576 18 5603 ε
115 5552 313 5633 adperrnde
329 5554 629 5638 Constantinopoli,
652 5568 750 5642 atque
772 5566 948 5631 Antiochia
962 5569 1165 5629 observatur.
1186 5567 1222 5629 ln
1244 5573 1384 5644 utraque
1403 5566 1490 5627 euim
1505 5567 1635 5631 civitate
1650 5578 1761 5630 contra

16 5636 24 5651 '
115 5632 301 5695 Auomoeos
317 5636 505 5701 nominatim
521 5639 728 5705 concionatus
743 5652 790 5707 est
813 5644 1086 5726 chrysostomus,
1109 5647 1142 5709 in
1163 5651 1303 5725 utraque
1324 5662 1441 5723 magno
1461 5662 1598 5708 nupsero
1617 5648 1763 5709 Anomoei

312 5734 344 5797 8.
366 5736 458 5800 losa.
477 5739 654 5803 Cunasosr.
679 5743 761 5805 Vlll.
985 5806 990 5813 .
1165 5833 1169 5840 ἱ
1521 5743 1624 5825 (ΠΜ)
