<?xml version="1.0" encoding="UTF-8"?>
<!DOCTYPE html PUBLIC "-//W3C//DTD XHTML 1.0 Transitional//EN"
    "http://www.w3.org/TR/xhtml1/DTD/xhtml1-transitional.dtd">
<html xmlns="http://www.w3.org/1999/xhtml" xml:lang="en" lang="en">
 <head>
  <title>
</title>
<meta http-equiv="Content-Type" content="text/html;charset=utf-8" />
  <meta name='ocr-system' content='tesseract 3.04.00' />
  <meta name='ocr-capabilities' content='ocr_page ocr_carea ocr_par ocr_line ocrx_word'/>
</head>
<body>
  <div class='ocr_page' id='page_1' title='image "./patrologicursus100migngoog/patrologicursus100migngoog_0488.png"; bbox 0 0 4084 6350; ppageno 0'>
   <div class='ocr_carea' id='block_1_1' title="bbox 661 308 1566 397">
    <p class='ocr_par' dir='ltr' id='par_1_1' title="bbox 661 308 1566 397">
     <span class='ocr_line' id='line_1_1' title="bbox 661 308 1566 397; baseline -0.004 0"><span class='ocrx_word' id='word_1_1' title='bbox 661 336 690 397; x_wconf 88' lang='lat' dir='ltr'>s.</span> <span class='ocrx_word' id='word_1_2' title='bbox 710 328 849 395; x_wconf 85' lang='lat' dir='ltr'>toaums</span> <span class='ocrx_word' id='word_1_3' title='bbox 867 320 1105 389; x_wconf 83' lang='lat' dir='ltr'>uuursosrour</span> <span class='ocrx_word' id='word_1_4' title='bbox 1118 308 1278 385; x_wconf 83' lang='lat' dir='ltr'>tttctuhu.</span> <span class='ocrx_word' id='word_1_5' title='bbox 1298 322 1566 394; x_wconf 77' lang='lat' dir='ltr'>uous‘rrurtuou.</span> 
     </span>
    </p>
   </div>
   <div class='ocr_carea' id='block_1_2' title="bbox 289 350 1933 413">
    <p class='ocr_par' dir='ltr' id='par_1_2' title="bbox 289 350 1933 413">
     <span class='ocr_line' id='line_1_2' title="bbox 289 350 1933 413; baseline 0.033 0"><span class='ocrx_word' id='word_1_6' title='bbox 289 352 337 413; x_wconf 84' lang='lat' dir='ltr'>itt</span> <span class='ocrx_word' id='word_1_7' title='bbox 1882 350 1933 413; x_wconf 71' lang='lat' dir='ltr'><em>m</em></span> 
     </span>
    </p>
   </div>
   <div class='ocr_carea' id='block_1_3' title="bbox 285 444 1951 1398">
    <p class='ocr_par' dir='ltr' id='par_1_3' title="bbox 285 444 1951 1398">
     <span class='ocr_line' id='line_1_3' title="bbox 286 444 1932 540; baseline -0.002 -14"><span class='ocrx_word' id='word_1_8' title='bbox 286 469 352 529; x_wconf 78' lang='lat' dir='ltr'>ior</span> <span class='ocrx_word' id='word_1_9' title='bbox 366 464 445 540; x_wconf 66' lang='lat' dir='ltr'>nequ</span> <span class='ocrx_word' id='word_1_10' title='bbox 457 458 644 525; x_wconf 87' lang='lat' dir='ltr'>ahstiuehunt,</span> <span class='ocrx_word' id='word_1_11' title='bbox 658 455 704 527; x_wconf 88' lang='lat' dir='ltr'>qui</span> <span class='ocrx_word' id='word_1_12' title='bbox 719 458 746 511; x_wconf 87' lang='lat' dir='ltr'>in</span> <span class='ocrx_word' id='word_1_13' title='bbox 762 460 895 522; x_wconf 88' lang='lat' dir='ltr'>tempore·</span> <span class='ocrx_word' id='word_1_14' title='bbox 906 444 1078 504; x_wconf 82' lang='lat' dir='ltr'>henedictio-</span> <span class='ocrx_word' id='word_1_15' title='bbox 1133 445 1269 517; x_wconf 70' lang='lat' dir='ltr'>nogotium</span> <span class='ocrx_word' id='word_1_16' title='bbox 1281 446 1432 509; x_wconf 81' lang='lat' dir='ltr'>lacessant:</span> <span class='ocrx_word' id='word_1_17' title='bbox 1447 461 1475 509; x_wconf 89' lang='lat' dir='ltr'>et</span> <span class='ocrx_word' id='word_1_18' title='bbox 1492 455 1608 513; x_wconf 73' lang='lat' dir='ltr'>mdeunt</span> <span class='ocrx_word' id='word_1_19' title='bbox 1622 456 1721 517; x_wconf 90' lang='lat' dir='ltr'>iterum</span> <span class='ocrx_word' id='word_1_20' title='bbox 1734 463 1850 523; x_wconf 89' lang='lat' dir='ltr'>multum</span> <span class='ocrx_word' id='word_1_21' title='bbox 1862 480 1932 528; x_wconf 83' lang='lat' dir='ltr'>ster-</span> 
     </span>
     <span class='ocr_line' id='line_1_4' title="bbox 286 539 1930 633; baseline -0.007 -13"><span class='ocrx_word' id='word_1_22' title='bbox 286 562 329 621; x_wconf 84' lang='lat' dir='ltr'>nit</span> <span class='ocrx_word' id='word_1_23' title='bbox 342 556 485 633; x_wconf 63' lang='lat' dir='ltr'>garriunt!</span> <span class='ocrx_word' id='word_1_24' title='bbox 500 571 555 612; x_wconf 91' lang='lat' dir='ltr'>non</span> <span class='ocrx_word' id='word_1_25' title='bbox 572 556 720 624; x_wconf 78' lang='lat' dir='ltr'>presentet</span> <span class='ocrx_word' id='word_1_26' title='bbox 732 552 911 610; x_wconf 75' lang='lat' dir='ltr'>reserentur,</span> <span class='ocrx_word' id='word_1_27' title='bbox 927 548 982 597; x_wconf 90' lang='lat' dir='ltr'>nou</span> <span class='ocrx_word' id='word_1_28' title='bbox 996 539 1081 595; x_wconf 79' lang='lat' dir='ltr'>heum</span> <span class='ocrx_word' id='word_1_29' title='bbox 1134 541 1205 597; x_wconf 85' lang='lat' dir='ltr'>coria</span> <span class='ocrx_word' id='word_1_30' title='bbox 1216 550 1363 617; x_wconf 76' lang='lat' dir='ltr'>portantes,</span> <span class='ocrx_word' id='word_1_31' title='bbox 1373 544 1400 602; x_wconf 94' lang='lat' dir='ltr'>iu</span> <span class='ocrx_word' id='word_1_32' title='bbox 1414 548 1544 617; x_wconf 71' lang='lat' dir='ltr'>onomius,</span> <span class='ocrx_word' id='word_1_33' title='bbox 1558 552 1586 609; x_wconf 90' lang='lat' dir='ltr'>iu</span> <span class='ocrx_word' id='word_1_34' title='bbox 1598 554 1726 626; x_wconf 77' lang='lat' dir='ltr'>utohhos,</span> <span class='ocrx_word' id='word_1_35' title='bbox 1737 557 1764 617; x_wconf 80' lang='lat' dir='ltr'>iu</span> <span class='ocrx_word' id='word_1_36' title='bbox 1777 560 1888 632; x_wconf 64' lang='lat' dir='ltr'>uerbis,</span> <span class='ocrx_word' id='word_1_37' title='bbox 1905 566 1930 623; x_wconf 72' lang='lat' dir='ltr'>t„</span> 
     </span>
     <span class='ocr_line' id='line_1_5' title="bbox 286 631 1932 725; baseline -0.001 -11"><span class='ocrx_word' id='word_1_38' title='bbox 286 654 403 713; x_wconf 85' lang='lat' dir='ltr'>timenti</span> <span class='ocrx_word' id='word_1_39' title='bbox 424 664 513 708; x_wconf 91' lang='lat' dir='ltr'>annon</span> <span class='ocrx_word' id='word_1_40' title='bbox 536 644 636 704; x_wconf 86' lang='lat' dir='ltr'>ruliioit</span> <span class='ocrx_word' id='word_1_41' title='bbox 656 641 736 698; x_wconf 89' lang='lat' dir='ltr'>nohis</span> <span class='ocrx_word' id='word_1_42' title='bbox 759 636 858 699; x_wconf 86' lang='lat' dir='ltr'>mentis</span> <span class='ocrx_word' id='word_1_43' title='bbox 869 631 1014 693; x_wconf 77' lang='lat' dir='ltr'>summat</span> <span class='ocrx_word' id='word_1_44' title='bbox 1027 644 1081 687; x_wconf 87' lang='lat' dir='ltr'>euu</span> <span class='ocrx_word' id='word_1_45' title='bbox 1134 633 1189 690; x_wconf 88' lang='lat' dir='ltr'>risu</span> <span class='ocrx_word' id='word_1_46' title='bbox 1199 677 1207 702; x_wconf 98' lang='lat'>,</span> <span class='ocrx_word' id='word_1_47' title='bbox 1218 634 1244 692; x_wconf 92' lang='lat' dir='ltr'>ln</span> <span class='ocrx_word' id='word_1_48' title='bbox 1255 635 1369 695; x_wconf 85' lang='lat' dir='ltr'>desidia.</span> <span class='ocrx_word' id='word_1_49' title='bbox 1385 639 1487 699; x_wconf 79' lang='lat' dir='ltr'>Deinde</span> <span class='ocrx_word' id='word_1_50' title='bbox 1501 632 1655 704; x_wconf 79' lang='lat' dir='ltr'>uo&#39;slterum</span> <span class='ocrx_word' id='word_1_51' title='bbox 1667 647 1794 720; x_wconf 87' lang='lat' dir='ltr'>ludimus,</span> <span class='ocrx_word' id='word_1_52' title='bbox 1806 654 1884 725; x_wconf 89' lang='lat' dir='ltr'>quasi</span> <span class='ocrx_word' id='word_1_53' title='bbox 1898 658 1932 715; x_wconf 85' lang='lat' dir='ltr'>tle</span> 
     </span>
     <span class='ocr_line' id='line_1_6' title="bbox 286 724 1933 822; baseline -0.002 -16"><span class='ocrx_word' id='word_1_54' title='bbox 286 750 352 806; x_wconf 86' lang='lat' dir='ltr'>ratis</span> <span class='ocrx_word' id='word_1_55' title='bbox 360 743 482 818; x_wconf 83' lang='lat' dir='ltr'>estquod</span> <span class='ocrx_word' id='word_1_56' title='bbox 494 750 602 800; x_wconf 83' lang='lat' dir='ltr'>orantes</span> <span class='ocrx_word' id='word_1_57' title='bbox 613 737 667 794; x_wconf 93' lang='lat' dir='ltr'>ailo</span> <span class='ocrx_word' id='word_1_58' title='bbox 679 746 840 807; x_wconf 81' lang='lat' dir='ltr'>euaqemur:</span> <span class='ocrx_word' id='word_1_59' title='bbox 855 728 904 789; x_wconf 87' lang='lat' dir='ltr'>setl</span> <span class='ocrx_word' id='word_1_60' title='bbox 916 726 1042 787; x_wconf 79' lang='lat' dir='ltr'>etritout</span> <span class='ocrx_word' id='word_1_61' title='bbox 1054 730 1083 783; x_wconf 87' lang='lat' dir='ltr'>et</span> <span class='ocrx_word' id='word_1_62' title='bbox 1134 724 1263 785; x_wconf 81' lang='lat' dir='ltr'>industria</span> <span class='ocrx_word' id='word_1_63' title='bbox 1275 730 1416 803; x_wconf 87' lang='lat' dir='ltr'>lotliemes,</span> <span class='ocrx_word' id='word_1_64' title='bbox 1429 744 1458 793; x_wconf 90' lang='lat' dir='ltr'>ut</span> <span class='ocrx_word' id='word_1_65' title='bbox 1470 736 1530 794; x_wconf 83' lang='lat' dir='ltr'>iilos</span> <span class='ocrx_word' id='word_1_66' title='bbox 1551 741 1664 799; x_wconf 85' lang='lat' dir='ltr'>mundos</span> <span class='ocrx_word' id='word_1_67' title='bbox 1674 745 1848 819; x_wconf 85' lang='lat' dir='ltr'>emittentes,</span> <span class='ocrx_word' id='word_1_68' title='bbox 1860 749 1933 822; x_wconf 81' lang='lat' dir='ltr'>ipsos</span> 
     </span>
     <span class='ocr_line' id='line_1_7' title="bbox 286 822 1932 904; baseline 0.001 -6"><span class='ocrx_word' id='word_1_69' title='bbox 286 841 434 898; x_wconf 75' lang='lat' dir='ltr'>cachinnos</span> <span class='ocrx_word' id='word_1_70' title='bbox 446 836 546 893; x_wconf 83' lang='lat' dir='ltr'>nrultos</span> <span class='ocrx_word' id='word_1_71' title='bbox 558 828 724 904; x_wconf 74' lang='lat' dir='ltr'>ingerimus!</span> <span class='ocrx_word' id='word_1_72' title='bbox 761 883 764 886; x_wconf 86' lang='grc'><em>,</em></span> <span class='ocrx_word' id='word_1_73' title='bbox 1134 834 1241 878; x_wconf 73' lang='lat' dir='ltr'>mrsum</span> <span class='ocrx_word' id='word_1_74' title='bbox 1263 822 1400 883; x_wconf 86' lang='lat' dir='ltr'>rideamus</span> <span class='ocrx_word' id='word_1_75' title='bbox 1416 841 1496 886; x_wconf 80' lang='lat' dir='ltr'>coeuo</span> <span class='ocrx_word' id='word_1_76' title='bbox 1514 843 1638 890; x_wconf 80' lang='lat' dir='ltr'>onustos.</span> <span class='ocrx_word' id='word_1_77' title='bbox 1667 835 1771 895; x_wconf 87' lang='lat' dir='ltr'>idcirco</span> <span class='ocrx_word' id='word_1_78' title='bbox 1790 845 1932 901; x_wconf 87' lang='lat' dir='ltr'>committo</span> 
     </span>
     <span class='ocr_line' id='line_1_8' title="bbox 321 910 1931 1007; baseline 0.004 -20"><span class='ocrx_word' id='word_1_79' title='bbox 321 927 529 988; x_wconf 79' lang='lat' dir='ltr'>Ceutrai&#39;hcatri</span> <span class='ocrx_word' id='word_1_80' title='bbox 539 921 777 994; x_wconf 72' lang='lat' dir='ltr'>ematurata-hu</span> <span class='ocrx_word' id='word_1_81' title='bbox 792 914 995 977; x_wconf 74' lang='lat' dir='ltr'>enarrantes</span> <span class='ocrx_word' id='word_1_82' title='bbox 1004 910 1082 970; x_wconf 85' lang='lat' dir='ltr'>souti</span> <span class='ocrx_word' id='word_1_83' title='bbox 1134 926 1183 971; x_wconf 89' lang='lat' dir='ltr'>ros</span> <span class='ocrx_word' id='word_1_84' title='bbox 1194 914 1258 971; x_wconf 89' lang='lat' dir='ltr'>ueo.</span> <span class='ocrx_word' id='word_1_85' title='bbox 1275 916 1367 989; x_wconf 76' lang='lat' dir='ltr'>Etiam</span> <span class='ocrx_word' id='word_1_86' title='bbox 1383 918 1446 978; x_wconf 85' lang='lat' dir='ltr'>irino</span> <span class='ocrx_word' id='word_1_87' title='bbox 1459 922 1553 993; x_wconf 83' lang='lat' dir='ltr'>vohis,</span> <span class='ocrx_word' id='word_1_88' title='bbox 1567 927 1611 999; x_wconf 91' lang='lat' dir='ltr'>qui</span> <span class='ocrx_word' id='word_1_89' title='bbox 1626 922 1774 1002; x_wconf 85' lang='lat' dir='ltr'>saniestis,</span> <span class='ocrx_word' id='word_1_90' title='bbox 1791 934 1931 1007; x_wconf 80' lang='lat' dir='ltr'>testificor,</span> 
     </span>
     <span class='ocr_line' id='line_1_9' title="bbox 286 1006 1932 1103; baseline -0.001 -18"><span class='ocrx_word' id='word_1_91' title='bbox 286 1025 340 1084; x_wconf 85' lang='lat' dir='ltr'>sat</span> <span class='ocrx_word' id='word_1_92' title='bbox 364 1018 643 1095; x_wconf 86' lang='lat' dir='ltr'>lrocputoatheutrls</span> <span class='ocrx_word' id='word_1_93' title='bbox 666 1016 753 1075; x_wconf 87' lang='lat' dir='ltr'>oriri:</span> <span class='ocrx_word' id='word_1_94' title='bbox 775 1014 986 1085; x_wconf 72' lang='lat' dir='ltr'>inobsequentes</span> <span class='ocrx_word' id='word_1_95' title='bbox 1008 1008 1080 1065; x_wconf 91' lang='lat' dir='ltr'>euim</span> <span class='ocrx_word' id='word_1_96' title='bbox 1132 1006 1262 1077; x_wconf 76' lang='lat' dir='ltr'>iudicium</span> <span class='ocrx_word' id='word_1_97' title='bbox 1286 1009 1363 1068; x_wconf 80' lang='lat' dir='ltr'>rolris</span> <span class='ocrx_word' id='word_1_98' title='bbox 1383 1023 1411 1070; x_wconf 94' lang='lat' dir='ltr'>et</span> <span class='ocrx_word' id='word_1_99' title='bbox 1437 1016 1635 1077; x_wconf 69' lang='lat' dir='ltr'>damnationem</span> <span class='ocrx_word' id='word_1_100' title='bbox 1659 1023 1724 1092; x_wconf 89' lang='lat' dir='ltr'>iore,</span> <span class='ocrx_word' id='word_1_101' title='bbox 1741 1024 1765 1082; x_wconf 88' lang='lat' dir='ltr'>sl</span> <span class='ocrx_word' id='word_1_102' title='bbox 1786 1030 1847 1103; x_wconf 86' lang='lat' dir='ltr'>quis</span> <span class='ocrx_word' id='word_1_103' title='bbox 1871 1047 1932 1089; x_wconf 85' lang='lat' dir='ltr'>enm</span> 
     </span>
     <span class='ocr_line' id='line_1_10' title="bbox 286 1101 1933 1210; baseline 0 -34"><span class='ocrx_word' id='word_1_104' title='bbox 286 1118 385 1176; x_wconf 90' lang='lat' dir='ltr'>multos</span> <span class='ocrx_word' id='word_1_105' title='bbox 411 1125 438 1173; x_wconf 89' lang='lat' dir='ltr'>et</span> <span class='ocrx_word' id='word_1_106' title='bbox 456 1113 651 1186; x_wconf 84' lang='lat' dir='ltr'>incompositos</span> <span class='ocrx_word' id='word_1_107' title='bbox 666 1110 797 1169; x_wconf 83' lang='lat' dir='ltr'>eliciunt.</span> <span class='ocrx_word' id='word_1_108' title='bbox 815 1109 881 1177; x_wconf 76' lang='lat' dir='ltr'>Quae</span> <span class='ocrx_word' id='word_1_109' title='bbox 899 1105 944 1161; x_wconf 91' lang='lat' dir='ltr'>hic</span> <span class='ocrx_word' id='word_1_110' title='bbox 961 1101 1080 1159; x_wconf 59' lang='lat' dir='ltr'>wilica-</span> <span class='ocrx_word' id='word_1_111' title='bbox 1134 1101 1208 1160; x_wconf 77' lang='lat' dir='ltr'>uiuet</span> <span class='ocrx_word' id='word_1_112' title='bbox 1229 1104 1381 1167; x_wconf 87' lang='lat' dir='ltr'>inordinate</span> <span class='ocrx_word' id='word_1_113' title='bbox 1393 1123 1515 1183; x_wconf 74' lang='lat' dir='ltr'>agentes,</span> <span class='ocrx_word' id='word_1_114' title='bbox 1541 1118 1711 1191; x_wconf 85' lang='lat' dir='ltr'>maximeque</span> <span class='ocrx_word' id='word_1_115' title='bbox 1735 1122 1783 1180; x_wconf 93' lang='lat' dir='ltr'>iilo</span> <span class='ocrx_word' id='word_1_116' title='bbox 1811 1135 1933 1210; x_wconf 73' lang='lat' dir='ltr'>tempure</span> 
     </span>
     <span class='ocr_line' id='line_1_11' title="bbox 286 1195 1932 1279; baseline -0.004 -10"><span class='ocrx_word' id='word_1_117' title='bbox 286 1226 373 1277; x_wconf 82' lang='lat' dir='ltr'>rurus,</span> <span class='ocrx_word' id='word_1_118' title='bbox 396 1209 451 1265; x_wconf 91' lang='lat' dir='ltr'>illic</span> <span class='ocrx_word' id='word_1_119' title='bbox 468 1208 664 1266; x_wconf 84' lang='lat' dir='ltr'>destruuntur:</span> <span class='ocrx_word' id='word_1_120' title='bbox 686 1219 775 1276; x_wconf 87' lang='lat' dir='ltr'>noque</span> <span class='ocrx_word' id='word_1_121' title='bbox 793 1201 846 1257; x_wconf 90' lang='lat' dir='ltr'>hoc</span> <span class='ocrx_word' id='word_1_122' title='bbox 875 1200 978 1267; x_wconf 88' lang='lat' dir='ltr'>solum,</span> <span class='ocrx_word' id='word_1_123' title='bbox 994 1195 1042 1252; x_wconf 83' lang='lat' dir='ltr'>sed</span> <span class='ocrx_word' id='word_1_124' title='bbox 1054 1200 1083 1253; x_wconf 86' lang='lat' dir='ltr'>et</span> <span class='ocrx_word' id='word_1_125' title='bbox 1134 1196 1351 1271; x_wconf 86' lang='lat' dir='ltr'>conlahuiantes,</span> <span class='ocrx_word' id='word_1_126' title='bbox 1364 1218 1418 1261; x_wconf 92' lang='lat' dir='ltr'>nou</span> <span class='ocrx_word' id='word_1_127' title='bbox 1433 1206 1604 1268; x_wconf 75' lang='lat' dir='ltr'>admonuerit</span> <span class='ocrx_word' id='word_1_128' title='bbox 1622 1230 1673 1272; x_wconf 89' lang='lat' dir='ltr'>uec</span> <span class='ocrx_word' id='word_1_129' title='bbox 1685 1222 1836 1277; x_wconf 65' lang='lat' dir='ltr'>eorrexerit</span> <span class='ocrx_word' id='word_1_130' title='bbox 1860 1238 1932 1279; x_wconf 85' lang='lat' dir='ltr'>coe:</span> 
     </span>
     <span class='ocr_line' id='line_1_12' title="bbox 285 1286 1951 1398; baseline 0.007 -39"><span class='ocrx_word' id='word_1_131' title='bbox 285 1303 345 1359; x_wconf 85' lang='lat' dir='ltr'>aliis</span> <span class='ocrx_word' id='word_1_132' title='bbox 358 1299 535 1359; x_wconf 86' lang='lat' dir='ltr'>immunditiis</span> <span class='ocrx_word' id='word_1_133' title='bbox 545 1312 656 1356; x_wconf 74' lang='lat' dir='ltr'>neceam</span> <span class='ocrx_word' id='word_1_134' title='bbox 669 1304 710 1354; x_wconf 87' lang='lat' dir='ltr'>est</span> <span class='ocrx_word' id='word_1_135' title='bbox 722 1294 783 1351; x_wconf 87' lang='lat' dir='ltr'>ilios</span> <span class='ocrx_word' id='word_1_136' title='bbox 795 1293 905 1365; x_wconf 90' lang='lat' dir='ltr'>repleri.</span> <span class='ocrx_word' id='word_1_137' title='bbox 922 1289 955 1347; x_wconf 80' lang='lat' dir='ltr'>Et</span> <span class='ocrx_word' id='word_1_138' title='bbox 968 1286 1082 1361; x_wconf 78' lang='lat' dir='ltr'>perintlc</span> <span class='ocrx_word' id='word_1_139' title='bbox 1134 1289 1187 1347; x_wconf 90' lang='lat' dir='ltr'>hoc</span> <span class='ocrx_word' id='word_1_140' title='bbox 1197 1292 1292 1350; x_wconf 88' lang='lat' dir='ltr'>meiius</span> <span class='ocrx_word' id='word_1_141' title='bbox 1306 1305 1348 1352; x_wconf 91' lang='lat' dir='ltr'>est</span> <span class='ocrx_word' id='word_1_142' title='bbox 1362 1300 1518 1369; x_wconf 70' lang='lat' dir='ltr'>precatione</span> <span class='ocrx_word' id='word_1_143' title='bbox 1540 1306 1608 1379; x_wconf 88' lang='lat' dir='ltr'>ipsa.</span> <span class='ocrx_word' id='word_1_144' title='bbox 1634 1309 1743 1377; x_wconf 79' lang='lat' dir='ltr'>Dimitte</span> <span class='ocrx_word' id='word_1_145' title='bbox 1767 1328 1880 1398; x_wconf 85' lang='lat' dir='ltr'>preces,</span> <span class='ocrx_word' id='word_1_146' title='bbox 1906 1326 1951 1381; x_wconf 79' lang='lat' dir='ltr'>et</span> 
     </span>
    </p>
   </div>
   <div class='ocr_carea' id='block_1_4' title="bbox 282 1385 1081 1850">
    <p class='ocr_par' dir='ltr' id='par_1_4' title="bbox 282 1385 1081 1850">
     <span class='ocr_line' id='line_1_13' title="bbox 286 1385 1080 1468; baseline -0.021 -15"><span class='ocrx_word' id='word_1_147' title='bbox 286 1398 325 1465; x_wconf 94' lang='lat' dir='ltr'>iit,</span> <span class='ocrx_word' id='word_1_148' title='bbox 337 1394 402 1456; x_wconf 83' lang='lat' dir='ltr'>aeri</span> <span class='ocrx_word' id='word_1_149' title='bbox 411 1390 765 1468; x_wconf 83' lang='lat' dir='ltr'>qulsoampum&#39;emuuuara</span> <span class='ocrx_word' id='word_1_150' title='bbox 790 1386 875 1453; x_wconf 89' lang='lat' dir='ltr'>reiit,</span> <span class='ocrx_word' id='word_1_151' title='bbox 897 1385 925 1441; x_wconf 91' lang='lat' dir='ltr'>iu</span> <span class='ocrx_word' id='word_1_152' title='bbox 938 1397 1018 1455; x_wconf 91' lang='lat' dir='ltr'>qoem</span> <span class='ocrx_word' id='word_1_153' title='bbox 1033 1394 1080 1437; x_wconf 84' lang='lat' dir='ltr'>su-</span> 
     </span>
     <span class='ocr_line' id='line_1_14' title="bbox 285 1481 1079 1567; baseline -0.02 -17"><span class='ocrx_word' id='word_1_154' title='bbox 285 1508 370 1567; x_wconf 89' lang='lat' dir='ltr'>perue</span> <span class='ocrx_word' id='word_1_155' title='bbox 380 1490 440 1549; x_wconf 86' lang='lat' dir='ltr'>loos</span> <span class='ocrx_word' id='word_1_156' title='bbox 453 1491 539 1566; x_wconf 89' lang='lat' dir='ltr'>lutum</span> <span class='ocrx_word' id='word_1_157' title='bbox 562 1488 705 1555; x_wconf 85' lang='lat' dir='ltr'>immittat;</span> <span class='ocrx_word' id='word_1_158' title='bbox 716 1485 780 1543; x_wconf 89' lang='lat' dir='ltr'>tium</span> <span class='ocrx_word' id='word_1_159' title='bbox 792 1483 864 1541; x_wconf 91' lang='lat' dir='ltr'>euim</span> <span class='ocrx_word' id='word_1_160' title='bbox 874 1481 960 1553; x_wconf 67' lang='lat' dir='ltr'>magle</span> <span class='ocrx_word' id='word_1_161' title='bbox 969 1491 1079 1551; x_wconf 74' lang='lat' dir='ltr'>purgas,</span> 
     </span>
     <span class='ocr_line' id='line_1_15' title="bbox 284 1572 1081 1663; baseline -0.021 -19"><span class='ocrx_word' id='word_1_162' title='bbox 284 1586 357 1645; x_wconf 84' lang='lat' dir='ltr'>aliud</span> <span class='ocrx_word' id='word_1_163' title='bbox 372 1584 469 1642; x_wconf 84' lang='lat' dir='ltr'>influit.</span> <span class='ocrx_word' id='word_1_164' title='bbox 485 1584 602 1657; x_wconf 78' lang='lat' dir='ltr'>idipsum</span> <span class='ocrx_word' id='word_1_165' title='bbox 616 1583 659 1638; x_wconf 89' lang='lat' dir='ltr'>hic</span> <span class='ocrx_word' id='word_1_166' title='bbox 674 1580 773 1637; x_wconf 88' lang='lat' dir='ltr'>euenit.</span> <span class='ocrx_word' id='word_1_167' title='bbox 795 1577 941 1663; x_wconf 79' lang='lat' dir='ltr'>Postquam</span> <span class='ocrx_word' id='word_1_168' title='bbox 960 1574 1033 1631; x_wconf 85' lang='lat' dir='ltr'>eninr</span> <span class='ocrx_word' id='word_1_169' title='bbox 1049 1572 1081 1628; x_wconf 89' lang='lat' dir='ltr'>ii-</span> 
     </span>
     <span class='ocr_line' id='line_1_16' title="bbox 282 1666 1080 1760; baseline -0.019 -23"><span class='ocrx_word' id='word_1_170' title='bbox 282 1680 335 1756; x_wconf 86' lang='lat' dir='ltr'>los,</span> <span class='ocrx_word' id='word_1_171' title='bbox 351 1681 396 1760; x_wconf 91' lang='lat' dir='ltr'>qui</span> <span class='ocrx_word' id='word_1_172' title='bbox 407 1695 442 1737; x_wconf 82' lang='lat' dir='ltr'>or</span> <span class='ocrx_word' id='word_1_173' title='bbox 456 1678 568 1744; x_wconf 82' lang='lat' dir='ltr'>theatris</span> <span class='ocrx_word' id='word_1_174' title='bbox 579 1674 778 1736; x_wconf 81' lang='lat' dir='ltr'>immunditiam</span> <span class='ocrx_word' id='word_1_175' title='bbox 790 1672 948 1737; x_wconf 89' lang='lat' dir='ltr'>iutuiemut,</span> <span class='ocrx_word' id='word_1_176' title='bbox 965 1666 1080 1723; x_wconf 88' lang='lat' dir='ltr'>muntia·</span> 
     </span>
     <span class='ocr_line' id='line_1_17' title="bbox 282 1758 1079 1850; baseline -0.023 -18"><span class='ocrx_word' id='word_1_177' title='bbox 282 1776 413 1850; x_wconf 79' lang='lat' dir='ltr'>terimus,</span> <span class='ocrx_word' id='word_1_178' title='bbox 426 1773 473 1830; x_wconf 93' lang='lat' dir='ltr'>iiio</span> <span class='ocrx_word' id='word_1_179' title='bbox 484 1778 655 1836; x_wconf 78' lang='lat' dir='ltr'>reuertentes</span> <span class='ocrx_word' id='word_1_180' title='bbox 666 1768 718 1848; x_wconf 91' lang='lat' dir='ltr'>ipsi</span> <span class='ocrx_word' id='word_1_181' title='bbox 734 1766 867 1839; x_wconf 80' lang='lat' dir='ltr'>majorem</span> <span class='ocrx_word' id='word_1_182' title='bbox 891 1762 1014 1819; x_wconf 82' lang='lat' dir='ltr'>reieruut</span> <span class='ocrx_word' id='word_1_183' title='bbox 1027 1758 1079 1825; x_wconf 91' lang='lat' dir='ltr'>lm·</span> 
     </span>
    </p>
   </div>
   <div class='ocr_carea' id='block_1_5' title="bbox 1133 1380 1933 1853">
    <p class='ocr_par' dir='ltr' id='par_1_5' title="bbox 1133 1380 1933 1853">
     <span class='ocr_line' id='line_1_18' title="bbox 1135 1380 1932 1471; baseline 0.039 -34"><span class='ocrx_word' id='word_1_184' title='bbox 1135 1380 1211 1439; x_wconf 93' lang='lat' dir='ltr'>ilium</span> <span class='ocrx_word' id='word_1_185' title='bbox 1225 1384 1336 1461; x_wconf 87' lang='lat' dir='ltr'>increpa</span> <span class='ocrx_word' id='word_1_186' title='bbox 1350 1407 1356 1445; x_wconf 79' lang='grc' dir='ltr'>ι</span> <span class='ocrx_word' id='word_1_187' title='bbox 1382 1392 1418 1448; x_wconf 88' lang='lat' dir='ltr'>ita</span> <span class='ocrx_word' id='word_1_188' title='bbox 1433 1402 1462 1450; x_wconf 89' lang='lat' dir='ltr'>et</span> <span class='ocrx_word' id='word_1_189' title='bbox 1475 1395 1512 1451; x_wconf 90' lang='lat' dir='ltr'>illi</span> <span class='ocrx_word' id='word_1_190' title='bbox 1524 1397 1658 1471; x_wconf 84' lang='lat' dir='ltr'>proderis,</span> <span class='ocrx_word' id='word_1_191' title='bbox 1674 1411 1702 1460; x_wconf 87' lang='lat' dir='ltr'>et</span> <span class='ocrx_word' id='word_1_192' title='bbox 1721 1412 1748 1461; x_wconf 91' lang='lat' dir='ltr'>iu</span> <span class='ocrx_word' id='word_1_193' title='bbox 1768 1404 1932 1467; x_wconf 81' lang='lat' dir='ltr'>lucraircris.</span> 
     </span>
     <span class='ocr_line' id='line_1_19' title="bbox 1133 1472 1932 1569; baseline 0.041 -40"><span class='ocrx_word' id='word_1_194' title='bbox 1133 1472 1179 1531; x_wconf 81' lang='lat' dir='ltr'>Sic</span> <span class='ocrx_word' id='word_1_195' title='bbox 1206 1478 1356 1553; x_wconf 72' lang='lat' dir='ltr'>poterimus</span> <span class='ocrx_word' id='word_1_196' title='bbox 1375 1498 1470 1543; x_wconf 88' lang='lat' dir='ltr'>omues</span> <span class='ocrx_word' id='word_1_197' title='bbox 1492 1489 1607 1549; x_wconf 78' lang='lat' dir='ltr'>salutem</span> <span class='ocrx_word' id='word_1_198' title='bbox 1620 1501 1654 1551; x_wconf 87' lang='lat' dir='ltr'>et·</span> <span class='ocrx_word' id='word_1_199' title='bbox 1669 1511 1782 1569; x_wconf 72' lang='lat' dir='ltr'>reguum</span> <span class='ocrx_word' id='word_1_200' title='bbox 1802 1501 1932 1561; x_wconf 81' lang='lat' dir='ltr'>catorum</span> 
     </span>
     <span class='ocr_line' id='line_1_20' title="bbox 1134 1570 1933 1664; baseline 0.044 -44"><span class='ocrx_word' id='word_1_201' title='bbox 1134 1570 1241 1639; x_wconf 75' lang='lat' dir='ltr'>assequi</span> <span class='ocrx_word' id='word_1_202' title='bbox 1254 1586 1262 1623; x_wconf 91' lang='lat'><strong>:</strong></span> <span class='ocrx_word' id='word_1_203' title='bbox 1278 1588 1332 1643; x_wconf 92' lang='lat' dir='ltr'>quo</span> <span class='ocrx_word' id='word_1_204' title='bbox 1347 1590 1397 1632; x_wconf 92' lang='lat' dir='ltr'>nos</span> <span class='ocrx_word' id='word_1_205' title='bbox 1409 1594 1504 1639; x_wconf 90' lang='lat' dir='ltr'>omnes</span> <span class='ocrx_word' id='word_1_206' title='bbox 1516 1582 1569 1639; x_wconf 89' lang='lat' dir='ltr'>lrui</span> <span class='ocrx_word' id='word_1_207' title='bbox 1582 1586 1732 1664; x_wconf 75' lang='lat' dir='ltr'>contingat,</span> <span class='ocrx_word' id='word_1_208' title='bbox 1744 1592 1830 1663; x_wconf 77' lang='lat' dir='ltr'>qratia</span> <span class='ocrx_word' id='word_1_209' title='bbox 1842 1603 1871 1650; x_wconf 90' lang='lat' dir='ltr'>et</span> <span class='ocrx_word' id='word_1_210' title='bbox 1882 1594 1933 1655; x_wconf 84' lang='lat' dir='ltr'>ue-</span> 
     </span>
     <span class='ocr_line' id='line_1_21' title="bbox 1135 1661 1933 1756; baseline 0.036 -40"><span class='ocrx_word' id='word_1_211' title='bbox 1135 1661 1267 1733; x_wconf 75' lang='lat' dir='ltr'>nignitate</span> <span class='ocrx_word' id='word_1_212' title='bbox 1280 1666 1385 1726; x_wconf 84' lang='lat' dir='ltr'>Domini</span> <span class='ocrx_word' id='word_1_213' title='bbox 1400 1677 1486 1730; x_wconf 86' lang='lat' dir='ltr'>nostri</span> <span class='ocrx_word' id='word_1_214' title='bbox 1512 1674 1577 1733; x_wconf 79' lang='lat' dir='ltr'>iesu</span> <span class='ocrx_word' id='word_1_215' title='bbox 1589 1676 1689 1738; x_wconf 82' lang='lat' dir='ltr'>Christi</span> <span class='ocrx_word' id='word_1_216' title='bbox 1702 1723 1711 1751; x_wconf 94' lang='lat'>,</span> <span class='ocrx_word' id='word_1_217' title='bbox 1737 1684 1845 1756; x_wconf 91' lang='lat' dir='ltr'>quicum</span> <span class='ocrx_word' id='word_1_218' title='bbox 1858 1685 1933 1745; x_wconf 86' lang='lat' dir='ltr'>Patri</span> 
     </span>
     <span class='ocr_line' id='line_1_22' title="bbox 1134 1756 1930 1853; baseline 0.033 -40"><span class='ocrx_word' id='word_1_219' title='bbox 1134 1756 1268 1831; x_wconf 87' lang='lat' dir='ltr'>simulque</span> <span class='ocrx_word' id='word_1_220' title='bbox 1284 1761 1396 1833; x_wconf 85' lang='lat' dir='ltr'>Spiritui</span> <span class='ocrx_word' id='word_1_221' title='bbox 1411 1771 1621 1844; x_wconf 76' lang='lat' dir='ltr'>annumglaris,</span> <span class='ocrx_word' id='word_1_222' title='bbox 1646 1774 1799 1849; x_wconf 90' lang='lat' dir='ltr'>imperium,</span> <span class='ocrx_word' id='word_1_223' title='bbox 1816 1779 1930 1853; x_wconf 90' lang='lat' dir='ltr'>honor,</span> 
     </span>
    </p>
   </div>
   <div class='ocr_carea' id='block_1_6' title="bbox 281 1851 1874 1939">
    <p class='ocr_par' dir='ltr' id='par_1_6' title="bbox 281 1851 1874 1939">
     <span class='ocr_line' id='line_1_23' title="bbox 281 1851 1874 1939; baseline 0.01 -26"><span class='ocrx_word' id='word_1_224' title='bbox 281 1866 442 1928; x_wconf 75' lang='lat' dir='ltr'>munditiam</span> <span class='ocrx_word' id='word_1_225' title='bbox 457 1882 465 1921; x_wconf 81' lang='lat' dir='ltr'>r</span> <span class='ocrx_word' id='word_1_226' title='bbox 480 1862 656 1939; x_wconf 81' lang='lat' dir='ltr'>quasi-deuito</span> <span class='ocrx_word' id='word_1_227' title='bbox 669 1875 751 1938; x_wconf 82' lang='lat' dir='ltr'>opera</span> <span class='ocrx_word' id='word_1_228' title='bbox 764 1858 944 1925; x_wconf 84' lang='lat' dir='ltr'>sieuirentes,</span> <span class='ocrx_word' id='word_1_229' title='bbox 959 1862 988 1911; x_wconf 92' lang='lat' dir='ltr'>ut</span> <span class='ocrx_word' id='word_1_230' title='bbox 1001 1851 1080 1910; x_wconf 86' lang='lat' dir='ltr'>nohis</span> <span class='ocrx_word' id='word_1_231' title='bbox 1136 1860 1245 1909; x_wconf 85' lang='lat' dir='ltr'>nuncet</span> <span class='ocrx_word' id='word_1_232' title='bbox 1257 1869 1384 1929; x_wconf 89' lang='lat' dir='ltr'>semper,</span> <span class='ocrx_word' id='word_1_233' title='bbox 1399 1868 1426 1916; x_wconf 89' lang='lat' dir='ltr'>et</span> <span class='ocrx_word' id='word_1_234' title='bbox 1436 1862 1462 1918; x_wconf 92' lang='lat' dir='ltr'>iu</span> <span class='ocrx_word' id='word_1_235' title='bbox 1476 1866 1574 1931; x_wconf 77' lang='lat' dir='ltr'>saecula</span> <span class='ocrx_word' id='word_1_236' title='bbox 1589 1869 1760 1927; x_wconf 78' lang='lat' dir='ltr'>seculorum.</span> <span class='ocrx_word' id='word_1_237' title='bbox 1774 1872 1874 1931; x_wconf 71' lang='lat' dir='ltr'>imeri.</span> 
     </span>
    </p>
   </div>
   <div class='ocr_carea' id='block_1_7' title="bbox 546 2006 1277 2107">
    <p class='ocr_par' dir='ltr' id='par_1_7' title="bbox 546 2006 1277 2107">
     <span class='ocr_line' id='line_1_24' title="bbox 546 2006 1277 2107; baseline 0.027 -19"><span class='ocrx_word' id='word_1_238' title='bbox 546 2006 552 2015; x_wconf 86' lang='grc'>’</span> <span class='ocrx_word' id='word_1_239' title='bbox 975 2040 1277 2107; x_wconf 81' lang='grc' dir='ltr'>ιιιιιιιιιιιιιιιιι.</span> 
     </span>
    </p>
   </div>
   <div class='ocr_carea' id='block_1_8' title="bbox 255 2188 1085 4412">
    <p class='ocr_par' dir='ltr' id='par_1_8' title="bbox 281 2188 1083 2553">
     <span class='ocr_line' id='line_1_25' title="bbox 281 2188 1083 2272; baseline -0.024 -11"><span class='ocrx_word' id='word_1_240' title='bbox 281 2203 346 2262; x_wconf 78' lang='lat' dir='ltr'>(lte.</span> <span class='ocrx_word' id='word_1_241' title='bbox 360 2202 404 2259; x_wconf 88' lang='lat' dir='ltr'>il.</span> <span class='ocrx_word' id='word_1_242' title='bbox 416 2217 444 2258; x_wconf 84' lang='lat' dir='ltr'>r.</span> <span class='ocrx_word' id='word_1_243' title='bbox 460 2201 505 2258; x_wconf 68' lang='lat' dir='ltr'>ll.</span> <span class='ocrx_word' id='word_1_244' title='bbox 530 2196 578 2256; x_wconf 88' lang='lat' dir='ltr'>itu·</span> <span class='ocrx_word' id='word_1_245' title='bbox 586 2197 699 2272; x_wconf 71' lang='lat' dir='ltr'>quidun,</span> <span class='ocrx_word' id='word_1_246' title='bbox 717 2194 761 2266; x_wconf 78' lang='lat' dir='ltr'>qui</span> <span class='ocrx_word' id='word_1_247' title='bbox 771 2194 880 2265; x_wconf 73' lang='lat' dir='ltr'>dispersi</span> <span class='ocrx_word' id='word_1_248' title='bbox 894 2194 996 2265; x_wconf 69' lang='lat' dir='ltr'>sunam</span> <span class='ocrx_word' id='word_1_249' title='bbox 1006 2203 1024 2243; x_wconf 83' lang='lat' dir='ltr'>u</span> <span class='ocrx_word' id='word_1_250' title='bbox 1035 2188 1083 2243; x_wconf 81' lang='lat' dir='ltr'>tri·</span> 
     </span>
     <span class='ocr_line' id='line_1_26' title="bbox 317 2281 1082 2368; baseline -0.025 -13"><span class='ocrx_word' id='word_1_251' title='bbox 317 2296 456 2366; x_wconf 71' lang='lat' dir='ltr'>luithere,</span> <span class='ocrx_word' id='word_1_252' title='bbox 467 2310 525 2368; x_wconf 73' lang='lat' dir='ltr'>quo</span> <span class='ocrx_word' id='word_1_253' title='bbox 535 2296 604 2368; x_wconf 77' lang='lat' dir='ltr'>{ecta</span> <span class='ocrx_word' id='word_1_254' title='bbox 614 2290 738 2366; x_wconf 68' lang='lat' dir='ltr'>iumrtoh</span> <span class='ocrx_word' id='word_1_255' title='bbox 749 2281 1082 2359; x_wconf 72' lang='lat' dir='ltr'>Stephanumpertrerrrir·</span> 
     </span>
     <span class='ocr_line' id='line_1_27' title="bbox 316 2375 1079 2459; baseline -0.022 -14"><span class='ocrx_word' id='word_1_256' title='bbox 316 2398 377 2445; x_wconf 76' lang='lat' dir='ltr'>ruat</span> <span class='ocrx_word' id='word_1_257' title='bbox 397 2404 477 2459; x_wconf 75' lang='lat' dir='ltr'>etque</span> <span class='ocrx_word' id='word_1_258' title='bbox 502 2385 640 2442; x_wconf 82' lang='lat' dir='ltr'>Phreuiceu</span> <span class='ocrx_word' id='word_1_259' title='bbox 662 2391 687 2439; x_wconf 83' lang='lat' dir='ltr'>rt</span> <span class='ocrx_word' id='word_1_260' title='bbox 708 2380 823 2455; x_wconf 72' lang='lat' dir='ltr'>Cyprum</span> <span class='ocrx_word' id='word_1_261' title='bbox 846 2387 871 2434; x_wconf 83' lang='lat' dir='ltr'>et</span> <span class='ocrx_word' id='word_1_262' title='bbox 898 2375 1079 2439; x_wconf 77' lang='lat' dir='ltr'>Antiochiam,</span> 
     </span>
     <span class='ocr_line' id='line_1_28' title="bbox 317 2470 970 2553; baseline -0.021 -12"><span class='ocrx_word' id='word_1_263' title='bbox 317 2482 413 2540; x_wconf 77' lang='lat' dir='ltr'>sariri</span> <span class='ocrx_word' id='word_1_264' title='bbox 434 2480 564 2553; x_wconf 59' lang='lat' dir='ltr'>aqueum</span> <span class='ocrx_word' id='word_1_265' title='bbox 586 2478 700 2545; x_wconf 66' lang='lat' dir='ltr'>oolam,</span> <span class='ocrx_word' id='word_1_266' title='bbox 723 2475 774 2532; x_wconf 81' lang='lat' dir='ltr'>uisi</span> <span class='ocrx_word' id='word_1_267' title='bbox 785 2470 970 2531; x_wconf 76' lang='lat' dir='ltr'>roiiriariaer&#39;r.</span> 
     </span>
    </p>

    <p class='ocr_par' dir='ltr' id='par_1_9' title="bbox 255 2563 1085 4412">
     <span class='ocr_line' id='line_1_29' title="bbox 319 2563 1081 2645; baseline -0.017 -13"><span class='ocrx_word' id='word_1_268' title='bbox 319 2575 348 2632; x_wconf 89' lang='lat' dir='ltr'>l.</span> <span class='ocrx_word' id='word_1_269' title='bbox 374 2572 434 2631; x_wconf 86' lang='lat' dir='ltr'>lion</span> <span class='ocrx_word' id='word_1_270' title='bbox 446 2587 541 2645; x_wconf 83' lang='lat' dir='ltr'>parum</span> <span class='ocrx_word' id='word_1_271' title='bbox 555 2570 590 2627; x_wconf 84' lang='lat' dir='ltr'>ou</span> <span class='ocrx_word' id='word_1_272' title='bbox 605 2570 681 2627; x_wconf 89' lang='lat' dir='ltr'>rerhi</span> <span class='ocrx_word' id='word_1_273' title='bbox 696 2568 846 2641; x_wconf 86' lang='lat' dir='ltr'>proiectum</span> <span class='ocrx_word' id='word_1_274' title='bbox 860 2563 974 2622; x_wconf 85' lang='lat' dir='ltr'>eontulit</span> <span class='ocrx_word' id='word_1_275' title='bbox 987 2576 1081 2635; x_wconf 87' lang='lat' dir='ltr'>perse·</span> 
     </span>
     <span class='ocr_line' id='line_1_30' title="bbox 285 2656 1080 2742; baseline -0.02 -16"><span class='ocrx_word' id='word_1_276' title='bbox 285 2668 380 2742; x_wconf 84' lang='lat' dir='ltr'>quatio</span> <span class='ocrx_word' id='word_1_277' title='bbox 397 2686 406 2724; x_wconf 80' lang='lat' dir='ltr'>a</span> <span class='ocrx_word' id='word_1_278' title='bbox 420 2682 484 2723; x_wconf 87' lang='lat' dir='ltr'>narn</span> <span class='ocrx_word' id='word_1_279' title='bbox 496 2664 666 2739; x_wconf 81' lang='lat' dir='ltr'>iiiiiqeatihur</span> <span class='ocrx_word' id='word_1_280' title='bbox 679 2660 778 2728; x_wconf 83' lang='lat' dir='ltr'>Deam,</span> <span class='ocrx_word' id='word_1_281' title='bbox 799 2658 898 2730; x_wconf 91' lang='lat' dir='ltr'>lnquit,</span> <span class='ocrx_word' id='word_1_282' title='bbox 929 2656 1015 2713; x_wconf 73' lang='grc' dir='ltr'>οιιιιιίιι</span> <span class='ocrx_word' id='word_1_283' title='bbox 1035 2670 1080 2711; x_wconf 82' lang='lat' dir='ltr'>ro·</span> 
     </span>
     <span class='ocr_line' id='line_1_31' title="bbox 280 2746 1080 2835; baseline -0.016 -18"><span class='ocrx_word' id='word_1_284' title='bbox 280 2769 422 2835; x_wconf 61' lang='lat' dir='ltr'>opacatur</span> <span class='ocrx_word' id='word_1_285' title='bbox 430 2761 458 2817; x_wconf 86' lang='grc' dir='ltr'>ιἰι</span> <span class='ocrx_word' id='word_1_286' title='bbox 466 2759 561 2816; x_wconf 81' lang='lat' dir='ltr'>honum</span> <span class='ocrx_word' id='word_1_287' title='bbox 574 2754 664 2832; x_wconf 87' lang='lat' dir='ltr'>(iloot.</span> <span class='ocrx_word' id='word_1_288' title='bbox 673 2756 701 2812; x_wconf 87' lang='lat'>8.</span> <span class='ocrx_word' id='word_1_289' title='bbox 711 2752 769 2827; x_wconf 83' lang='lat' dir='ltr'>tu).</span> <span class='ocrx_word' id='word_1_290' title='bbox 781 2752 811 2811; x_wconf 84' lang='lat' dir='ltr'>Si</span> <span class='ocrx_word' id='word_1_291' title='bbox 821 2749 1012 2808; x_wconf 83' lang='lat' dir='ltr'>uoluissentllll</span> <span class='ocrx_word' id='word_1_292' title='bbox 1025 2746 1080 2805; x_wconf 77' lang='lat' dir='ltr'>Ec·</span> 
     </span>
     <span class='ocr_line' id='line_1_32' title="bbox 280 2843 1082 2931; baseline -0.019 -18"><span class='ocrx_word' id='word_1_293' title='bbox 280 2855 391 2913; x_wconf 77' lang='lat' dir='ltr'>alesiam</span> <span class='ocrx_word' id='word_1_294' title='bbox 405 2868 565 2931; x_wconf 73' lang='lat' dir='ltr'>propagare,</span> <span class='ocrx_word' id='word_1_295' title='bbox 593 2865 648 2908; x_wconf 91' lang='lat' dir='ltr'>non</span> <span class='ocrx_word' id='word_1_296' title='bbox 667 2848 740 2907; x_wconf 86' lang='lat' dir='ltr'>aliud</span> <span class='ocrx_word' id='word_1_297' title='bbox 766 2843 1082 2915; x_wconf 62' lang='lat' dir='ltr'>emmanuelisper-</span> 
     </span>
     <span class='ocr_line' id='line_1_33' title="bbox 282 2941 1085 3020; baseline -0.015 -15"><span class='ocrx_word' id='word_1_298' title='bbox 282 2947 359 3005; x_wconf 88' lang='lat' dir='ltr'>sione</span> <span class='ocrx_word' id='word_1_299' title='bbox 370 2948 469 3020; x_wconf 91' lang='lat' dir='ltr'>loquor</span> <span class='ocrx_word' id='word_1_300' title='bbox 482 2946 633 3004; x_wconf 87' lang='lat' dir='ltr'>doctorum.</span> <span class='ocrx_word' id='word_1_301' title='bbox 661 2943 697 3000; x_wconf 80' lang='lat' dir='ltr'>Et</span> <span class='ocrx_word' id='word_1_302' title='bbox 719 2941 782 2999; x_wconf 81' lang='lat' dir='ltr'>ride</span> <span class='ocrx_word' id='word_1_303' title='bbox 805 2954 936 3016; x_wconf 83' lang='lat' dir='ltr'>quorsum</span> <span class='ocrx_word' id='word_1_304' title='bbox 962 2947 1085 2996; x_wconf 81' lang='lat' dir='ltr'>extensa</span> 
     </span>
     <span class='ocr_line' id='line_1_34' title="bbox 282 3028 1081 3111; baseline -0.014 -16"><span class='ocrx_word' id='word_1_305' title='bbox 282 3037 364 3096; x_wconf 86' lang='lat' dir='ltr'>luerit</span> <span class='ocrx_word' id='word_1_306' title='bbox 392 3038 558 3111; x_wconf 79' lang='lat' dir='ltr'>pradicatio.</span> <span class='ocrx_word' id='word_1_307' title='bbox 584 3034 810 3103; x_wconf 79' lang='lat' dir='ltr'>Pertrautierrrut,</span> <span class='ocrx_word' id='word_1_308' title='bbox 839 3032 1031 3106; x_wconf 63' lang='lat' dir='ltr'>loquiturque</span> <span class='ocrx_word' id='word_1_309' title='bbox 1046 3028 1081 3085; x_wconf 87' lang='lat' dir='ltr'>uri</span> 
     </span>
     <span class='ocr_line' id='line_1_35' title="bbox 282 3125 1080 3206; baseline -0.008 -18"><span class='ocrx_word' id='word_1_310' title='bbox 282 3128 423 3189; x_wconf 82' lang='lat' dir='ltr'>Phoenicerr</span> <span class='ocrx_word' id='word_1_311' title='bbox 436 3141 461 3189; x_wconf 84' lang='lat' dir='ltr'>rt</span> <span class='ocrx_word' id='word_1_312' title='bbox 481 3130 595 3206; x_wconf 78' lang='lat' dir='ltr'>Cyprum</span> <span class='ocrx_word' id='word_1_313' title='bbox 609 3139 632 3188; x_wconf 85' lang='lat' dir='ltr'>ot</span> <span class='ocrx_word' id='word_1_314' title='bbox 645 3129 827 3198; x_wconf 79' lang='lat' dir='ltr'>Auhocirinm,</span> <span class='ocrx_word' id='word_1_315' title='bbox 841 3126 936 3186; x_wconf 73' lang='lat' dir='ltr'>amini</span> <span class='ocrx_word' id='word_1_316' title='bbox 949 3125 1080 3199; x_wconf 76' lang='lat' dir='ltr'>loquentes</span> 
     </span>
     <span class='ocr_line' id='line_1_36' title="bbox 279 3219 1080 3298; baseline -0.007 -16"><span class='ocrx_word' id='word_1_317' title='bbox 279 3224 396 3292; x_wconf 67' lang='lat' dir='ltr'>maru,</span> <span class='ocrx_word' id='word_1_318' title='bbox 422 3225 472 3282; x_wconf 84' lang='lat' dir='ltr'>uiri</span> <span class='ocrx_word' id='word_1_319' title='bbox 499 3225 561 3282; x_wconf 89' lang='lat' dir='ltr'>roiir</span> <span class='ocrx_word' id='word_1_320' title='bbox 582 3223 692 3282; x_wconf 71' lang='lat' dir='ltr'>tatem</span> <span class='ocrx_word' id='word_1_321' title='bbox 716 3220 810 3294; x_wconf 70' lang='lat' dir='ltr'>Vides,</span> <span class='ocrx_word' id='word_1_322' title='bbox 834 3219 970 3298; x_wconf 83' lang='lat' dir='ltr'>quomodo</span> <span class='ocrx_word' id='word_1_323' title='bbox 989 3219 1080 3298; x_wconf 74' lang='lat' dir='ltr'>omnia</span> 
     </span>
     <span class='ocr_line' id='line_1_37' title="bbox 255 3313 1080 3394; baseline -0.007 -18"><span class='ocrx_word' id='word_1_324' title='bbox 255 3384 259 3394; x_wconf 32' lang='grc' dir='ltr'>Ι</span> <span class='ocrx_word' id='word_1_325' title='bbox 280 3318 353 3376; x_wconf 84' lang='lat' dir='ltr'>circa</span> <span class='ocrx_word' id='word_1_326' title='bbox 366 3318 524 3376; x_wconf 82' lang='lat' dir='ltr'>Cornelium</span> <span class='ocrx_word' id='word_1_327' title='bbox 541 3334 590 3391; x_wconf 90' lang='lat' dir='ltr'>per</span> <span class='ocrx_word' id='word_1_328' title='bbox 601 3317 832 3390; x_wconf 81' lang='lat' dir='ltr'>dispensationem</span> <span class='ocrx_word' id='word_1_329' title='bbox 844 3314 916 3372; x_wconf 86' lang='lat' dir='ltr'>iacta</span> <span class='ocrx_word' id='word_1_330' title='bbox 928 3313 984 3371; x_wconf 84' lang='lat' dir='ltr'>sint</span> <span class='ocrx_word' id='word_1_331' title='bbox 996 3313 1009 3369; x_wconf 92' lang='lat' dir='ltr'>i</span> <span class='ocrx_word' id='word_1_332' title='bbox 1022 3313 1080 3370; x_wconf 88' lang='lat' dir='ltr'>lloc</span> 
     </span>
     <span class='ocr_line' id='line_1_38' title="bbox 281 3405 1078 3468; baseline -0.01 0"><span class='ocrx_word' id='word_1_333' title='bbox 281 3418 371 3468; x_wconf 88' lang='lat' dir='ltr'>autem</span> <span class='ocrx_word' id='word_1_334' title='bbox 386 3419 414 3468; x_wconf 92' lang='lat' dir='ltr'>et</span> <span class='ocrx_word' id='word_1_335' title='bbox 428 3409 463 3466; x_wconf 83' lang='lat' dir='ltr'>au</span> <span class='ocrx_word' id='word_1_336' title='bbox 474 3409 660 3467; x_wconf 85' lang='lat' dir='ltr'>delensiouem</span> <span class='ocrx_word' id='word_1_337' title='bbox 673 3408 773 3466; x_wconf 88' lang='lat' dir='ltr'>Christi</span> <span class='ocrx_word' id='word_1_338' title='bbox 788 3417 816 3465; x_wconf 91' lang='lat' dir='ltr'>et</span> <span class='ocrx_word' id='word_1_339' title='bbox 827 3407 863 3464; x_wconf 81' lang='lat' dir='ltr'>ad</span> <span class='ocrx_word' id='word_1_340' title='bbox 877 3405 1078 3464; x_wconf 73' lang='lat' dir='ltr'>accumtionem</span> 
     </span>
     <span class='ocr_line' id='line_1_39' title="bbox 282 3498 1078 3576; baseline -0.01 -16"><span class='ocrx_word' id='word_1_341' title='bbox 282 3501 439 3560; x_wconf 79' lang='lat' dir='ltr'>tauaeorom</span> <span class='ocrx_word' id='word_1_342' title='bbox 448 3500 564 3560; x_wconf 71' lang='lat' dir='ltr'>coniert.</span> <span class='ocrx_word' id='word_1_343' title='bbox 579 3500 671 3576; x_wconf 87' lang='lat' dir='ltr'>ltaque</span> <span class='ocrx_word' id='word_1_344' title='bbox 682 3517 743 3558; x_wconf 91' lang='lat' dir='ltr'>cnm</span> <span class='ocrx_word' id='word_1_345' title='bbox 750 3498 1017 3572; x_wconf 80' lang='lat' dir='ltr'>Stephanusoecisur</span> <span class='ocrx_word' id='word_1_346' title='bbox 1027 3504 1078 3564; x_wconf 87' lang='lat' dir='ltr'>est,</span> 
     </span>
     <span class='ocr_line' id='line_1_40' title="bbox 283 3589 1079 3669; baseline -0.01 -15"><span class='ocrx_word' id='word_1_347' title='bbox 283 3611 345 3654; x_wconf 89' lang='lat' dir='ltr'>cum</span> <span class='ocrx_word' id='word_1_348' title='bbox 355 3595 456 3653; x_wconf 75' lang='lat' dir='ltr'>Panium</span> <span class='ocrx_word' id='word_1_349' title='bbox 465 3595 507 3654; x_wconf 92' lang='lat' dir='ltr'>his</span> <span class='ocrx_word' id='word_1_350' title='bbox 520 3604 562 3653; x_wconf 87' lang='lat' dir='ltr'>ost</span> <span class='ocrx_word' id='word_1_351' title='bbox 575 3594 761 3669; x_wconf 81' lang='lat' dir='ltr'>periclitatus,</span> <span class='ocrx_word' id='word_1_352' title='bbox 775 3608 838 3650; x_wconf 91' lang='lat' dir='ltr'>curu</span> <span class='ocrx_word' id='word_1_353' title='bbox 850 3589 966 3664; x_wconf 90' lang='lat' dir='ltr'>apostoli</span> <span class='ocrx_word' id='word_1_354' title='bbox 984 3589 1079 3662; x_wconf 71' lang='lat' dir='ltr'>hapel-</span> 
     </span>
     <span class='ocr_line' id='line_1_41' title="bbox 282 3681 1080 3760; baseline -0.005 -15"><span class='ocrx_word' id='word_1_355' title='bbox 282 3687 328 3745; x_wconf 86' lang='lat' dir='ltr'>iati</span> <span class='ocrx_word' id='word_1_356' title='bbox 338 3695 412 3756; x_wconf 88' lang='lat' dir='ltr'>aaut,</span> <span class='ocrx_word' id='word_1_357' title='bbox 426 3681 487 3745; x_wconf 87' lang='lat' dir='ltr'>cum</span> <span class='ocrx_word' id='word_1_358' title='bbox 501 3688 598 3760; x_wconf 87' lang='lat' dir='ltr'>saepius</span> <span class='ocrx_word' id='word_1_359' title='bbox 613 3688 702 3760; x_wconf 84' lang='lat' dir='ltr'>ejecti,</span> <span class='ocrx_word' id='word_1_360' title='bbox 717 3700 781 3744; x_wconf 90' lang='lat' dir='ltr'>tunc</span> <span class='ocrx_word' id='word_1_361' title='bbox 791 3695 896 3760; x_wconf 76' lang='lat' dir='ltr'>gentes,</span> <span class='ocrx_word' id='word_1_362' title='bbox 907 3695 970 3743; x_wconf 88' lang='lat' dir='ltr'>tune</span> <span class='ocrx_word' id='word_1_363' title='bbox 982 3685 1080 3743; x_wconf 85' lang='lat' dir='ltr'>Sama·</span> 
     </span>
     <span class='ocr_line' id='line_1_42' title="bbox 281 3778 1077 3853; baseline -0.003 -15"><span class='ocrx_word' id='word_1_364' title='bbox 281 3781 363 3838; x_wconf 90' lang='lat' dir='ltr'>ritani</span> <span class='ocrx_word' id='word_1_365' title='bbox 375 3781 477 3853; x_wconf 89' lang='lat' dir='ltr'>recepti</span> <span class='ocrx_word' id='word_1_366' title='bbox 489 3789 552 3838; x_wconf 92' lang='lat' dir='ltr'>sunt</span> <span class='ocrx_word' id='word_1_367' title='bbox 565 3800 572 3838; x_wconf 92' lang='lat'><strong>:</strong></span> <span class='ocrx_word' id='word_1_368' title='bbox 587 3781 660 3852; x_wconf 88' lang='lat' dir='ltr'>quotl</span> <span class='ocrx_word' id='word_1_369' title='bbox 672 3790 701 3839; x_wconf 88' lang='lat' dir='ltr'>ct</span> <span class='ocrx_word' id='word_1_370' title='bbox 711 3780 810 3839; x_wconf 82' lang='lat' dir='ltr'>Paulus</span> <span class='ocrx_word' id='word_1_371' title='bbox 838 3780 938 3850; x_wconf 86' lang='lat' dir='ltr'>elamat</span> <span class='ocrx_word' id='word_1_372' title='bbox 961 3778 1056 3837; x_wconf 85' lang='lat' dir='ltr'>diceus</span> <span class='ocrx_word' id='word_1_373' title='bbox 1069 3795 1077 3836; x_wconf 78' lang='lat' dir='ltr'>a</span> 
     </span>
     <span class='ocr_line' id='line_1_43' title="bbox 287 3871 1079 3950; baseline -0.001 -20"><span class='ocrx_word' id='word_1_374' title='bbox 287 3873 363 3932; x_wconf 84' lang='lat' dir='ltr'>l&#39;oiir</span> <span class='ocrx_word' id='word_1_375' title='bbox 373 3875 505 3945; x_wconf 86' lang='lat' dir='ltr'>oportehot</span> <span class='ocrx_word' id='word_1_376' title='bbox 521 3874 633 3948; x_wconf 82' lang='lat' dir='ltr'>primum</span> <span class='ocrx_word' id='word_1_377' title='bbox 658 3875 729 3950; x_wconf 89' lang='lat' dir='ltr'>ioqui</span> <span class='ocrx_word' id='word_1_378' title='bbox 740 3874 843 3931; x_wconf 73' lang='lat' dir='ltr'>ouium</span> <span class='ocrx_word' id='word_1_379' title='bbox 862 3871 910 3930; x_wconf 84' lang='lat' dir='ltr'>Dei</span> <span class='ocrx_word' id='word_1_380' title='bbox 922 3889 932 3930; x_wconf 91' lang='lat'>.·</span> <span class='ocrx_word' id='word_1_381' title='bbox 944 3873 989 3929; x_wconf 81' lang='lat' dir='ltr'>reri</span> <span class='ocrx_word' id='word_1_382' title='bbox 1013 3889 1079 3947; x_wconf 88' lang='lat' dir='ltr'>quo·</span> 
     </span>
     <span class='ocr_line' id='line_1_44' title="bbox 281 3967 1080 4054; baseline -0.001 -30"><span class='ocrx_word' id='word_1_383' title='bbox 281 3967 481 4054; x_wconf 76' lang='lat' dir='ltr'>uiomrrpeiiitir</span> <span class='ocrx_word' id='word_1_384' title='bbox 497 3967 582 4037; x_wconf 82' lang='lat' dir='ltr'>iiiari,</span> <span class='ocrx_word' id='word_1_385' title='bbox 607 3978 632 4024; x_wconf 87' lang='lat' dir='ltr'>et</span> <span class='ocrx_word' id='word_1_386' title='bbox 654 3967 774 4042; x_wconf 77' lang='lat' dir='ltr'>indiquor</span> <span class='ocrx_word' id='word_1_387' title='bbox 794 3967 999 4040; x_wconf 65' lang='lat' dir='ltr'>curialitatis,</span> <span class='ocrx_word' id='word_1_388' title='bbox 1024 3981 1080 4024; x_wconf 80' lang='lat' dir='ltr'>ecce</span> 
     </span>
     <span class='ocr_line' id='line_1_45' title="bbox 281 4060 1077 4136; baseline -0.001 -18"><span class='ocrx_word' id='word_1_389' title='bbox 281 4061 450 4118; x_wconf 67' lang='lat' dir='ltr'>murmurare</span> <span class='ocrx_word' id='word_1_390' title='bbox 459 4062 493 4118; x_wconf 81' lang='lat' dir='ltr'>ari</span> <span class='ocrx_word' id='word_1_391' title='bbox 501 4070 587 4136; x_wconf 80' lang='lat' dir='ltr'>qantos</span> <span class='ocrx_word' id='word_1_392' title='bbox 598 4061 668 4135; x_wconf 80' lang='lat' dir='ltr'>(Act.</span> <span class='ocrx_word' id='word_1_393' title='bbox 684 4061 711 4118; x_wconf 77' lang='grc'>5.</span> <span class='ocrx_word' id='word_1_394' title='bbox 726 4060 785 4134; x_wconf 85' lang='lat' dir='ltr'>tt).</span> <span class='ocrx_word' id='word_1_395' title='bbox 800 4060 972 4118; x_wconf 78' lang='lat' dir='ltr'>circuierunt</span> <span class='ocrx_word' id='word_1_396' title='bbox 985 4060 1077 4132; x_wconf 78' lang='lat' dir='ltr'>igitur,</span> 
     </span>
     <span class='ocr_line' id='line_1_46' title="bbox 280 4152 1077 4228; baseline 0.003 -18"><span class='ocrx_word' id='word_1_397' title='bbox 280 4161 308 4210; x_wconf 85' lang='lat' dir='ltr'>et</span> <span class='ocrx_word' id='word_1_398' title='bbox 320 4162 416 4226; x_wconf 69' lang='lat' dir='ltr'>gentes</span> <span class='ocrx_word' id='word_1_399' title='bbox 430 4152 647 4227; x_wconf 76' lang='lat' dir='ltr'>alioquebantur.</span> <span class='ocrx_word' id='word_1_400' title='bbox 659 4152 707 4211; x_wconf 75' lang='lat'>20.</span> <span class='ocrx_word' id='word_1_401' title='bbox 723 4153 805 4210; x_wconf 78' lang='lat' dir='ltr'>Erant</span> <span class='ocrx_word' id='word_1_402' title='bbox 819 4163 904 4212; x_wconf 74' lang='lat' dir='ltr'>micat</span> <span class='ocrx_word' id='word_1_403' title='bbox 914 4155 1021 4228; x_wconf 73' lang='lat' dir='ltr'>quitata</span> <span class='ocrx_word' id='word_1_404' title='bbox 1032 4173 1077 4212; x_wconf 83' lang='lat' dir='ltr'>eo·</span> 
     </span>
     <span class='ocr_line' id='line_1_47' title="bbox 279 4244 1079 4328; baseline 0.003 -26"><span class='ocrx_word' id='word_1_405' title='bbox 279 4245 493 4328; x_wconf 76' lang='lat' dir='ltr'>mmririCpprii</span> <span class='ocrx_word' id='word_1_406' title='bbox 507 4253 532 4302; x_wconf 87' lang='lat' dir='ltr'>et</span> <span class='ocrx_word' id='word_1_407' title='bbox 541 4244 667 4319; x_wconf 77' lang='lat' dir='ltr'>Cyrenaei,</span> <span class='ocrx_word' id='word_1_408' title='bbox 691 4246 736 4320; x_wconf 86' lang='lat' dir='ltr'>qrti</span> <span class='ocrx_word' id='word_1_409' title='bbox 760 4262 819 4303; x_wconf 81' lang='lat' dir='ltr'>eam</span> <span class='ocrx_word' id='word_1_410' title='bbox 835 4247 962 4304; x_wconf 71' lang='lat' dir='ltr'>umhreut</span> <span class='ocrx_word' id='word_1_411' title='bbox 986 4248 1079 4304; x_wconf 78' lang='lat' dir='ltr'>Antio-</span> 
     </span>
     <span class='ocr_line' id='line_1_48' title="bbox 280 4338 1078 4412; baseline 0.003 -16"><span class='ocrx_word' id='word_1_412' title='bbox 280 4340 598 4412; x_wconf 60' lang='lat' dir='ltr'>comarumcomarum</span> <span class='ocrx_word' id='word_1_413' title='bbox 611 4338 725 4411; x_wconf 76' lang='lat' dir='ltr'>Graecos,</span> <span class='ocrx_word' id='word_1_414' title='bbox 743 4342 924 4398; x_wconf 73' lang='lat' dir='ltr'>mantunae</span> <span class='ocrx_word' id='word_1_415' title='bbox 937 4340 1078 4398; x_wconf 74' lang='lat' dir='ltr'>Doauauur</span> 
     </span>
    </p>
   </div>
   <div class='ocr_carea' id='block_1_9' title="bbox 1131 2189 2031 3504">
    <p class='ocr_par' dir='ltr' id='par_1_10' title="bbox 1131 2189 2031 3504">
     <span class='ocr_line' id='line_1_49' title="bbox 1134 2189 1931 2277; baseline 0.034 -30"><span class='ocrx_word' id='word_1_416' title='bbox 1134 2189 1191 2259; x_wconf 88' lang='lat' dir='ltr'>hat,</span> <span class='ocrx_word' id='word_1_417' title='bbox 1204 2192 1328 2253; x_wconf 85' lang='lat' dir='ltr'>Ciuittus</span> <span class='ocrx_word' id='word_1_418' title='bbox 1341 2206 1472 2271; x_wconf 81' lang='lat' dir='ltr'>uteruur,</span> <span class='ocrx_word' id='word_1_419' title='bbox 1487 2213 1568 2277; x_wconf 87' lang='lat' dir='ltr'>utque</span> <span class='ocrx_word' id='word_1_420' title='bbox 1579 2206 1642 2265; x_wconf 84' lang='lat' dir='ltr'>otilo</span> <span class='ocrx_word' id='word_1_421' title='bbox 1656 2208 1682 2265; x_wconf 90' lang='lat' dir='ltr'>iu</span> <span class='ocrx_word' id='word_1_422' title='bbox 1693 2210 1806 2271; x_wconf 77' lang='lat' dir='ltr'>Paulum</span> <span class='ocrx_word' id='word_1_423' title='bbox 1819 2215 1852 2271; x_wconf 84' lang='lat' dir='ltr'>ari</span> <span class='ocrx_word' id='word_1_424' title='bbox 1864 2216 1931 2273; x_wconf 77' lang='lat' dir='ltr'>eut·</span> 
     </span>
     <span class='ocr_line' id='line_1_50' title="bbox 1134 2281 1932 2383; baseline 0.041 -46"><span class='ocrx_word' id='word_1_425' title='bbox 1134 2281 1286 2343; x_wconf 87' lang='lat' dir='ltr'>heationem</span> <span class='ocrx_word' id='word_1_426' title='bbox 1297 2288 1426 2350; x_wconf 72' lang='lat' dir='ltr'>Ecclesiae</span> <span class='ocrx_word' id='word_1_427' title='bbox 1438 2310 1471 2353; x_wconf 85' lang='lat' dir='ltr'>er</span> <span class='ocrx_word' id='word_1_428' title='bbox 1485 2299 1631 2370; x_wconf 73' lang='lat' dir='ltr'>gentihus?</span> <span class='ocrx_word' id='word_1_429' title='bbox 1644 2302 1698 2361; x_wconf 82' lang='lat' dir='ltr'>Soti</span> <span class='ocrx_word' id='word_1_430' title='bbox 1712 2306 1772 2364; x_wconf 84' lang='lat' dir='ltr'>vide</span> <span class='ocrx_word' id='word_1_431' title='bbox 1786 2308 1932 2383; x_wconf 87' lang='lat' dir='ltr'>huncque·</span> 
     </span>
     <span class='ocr_line' id='line_1_51' title="bbox 1134 2384 1928 2469; baseline 0.044 -39"><span class='ocrx_word' id='word_1_432' title='bbox 1134 2388 1315 2445; x_wconf 83' lang='lat' dir='ltr'>quesanctum</span> <span class='ocrx_word' id='word_1_433' title='bbox 1328 2384 1503 2451; x_wconf 78' lang='lat' dir='ltr'>,Barnaharn</span> <span class='ocrx_word' id='word_1_434' title='bbox 1516 2391 1588 2459; x_wconf 86' lang='lat' dir='ltr'>dieo,</span> <span class='ocrx_word' id='word_1_435' title='bbox 1600 2398 1737 2469; x_wconf 89' lang='lat' dir='ltr'>quomodo</span> <span class='ocrx_word' id='word_1_436' title='bbox 1755 2417 1810 2459; x_wconf 92' lang='lat' dir='ltr'>uon</span> <span class='ocrx_word' id='word_1_437' title='bbox 1820 2419 1870 2461; x_wconf 84' lang='lat' dir='ltr'>sua</span> <span class='ocrx_word' id='word_1_438' title='bbox 1887 2424 1928 2465; x_wconf 90' lang='lat' dir='ltr'>rc·</span> 
     </span>
     <span class='ocr_line' id='line_1_52' title="bbox 1132 2469 2031 2571; baseline 0.046 -48"><span class='ocrx_word' id='word_1_439' title='bbox 1132 2469 1238 2542; x_wconf 84' lang='lat' dir='ltr'>spiciat,</span> <span class='ocrx_word' id='word_1_440' title='bbox 1253 2475 1301 2531; x_wconf 85' lang='lat' dir='ltr'>sed</span> <span class='ocrx_word' id='word_1_441' title='bbox 1315 2490 1405 2535; x_wconf 87' lang='lat' dir='ltr'>orrrrat</span> <span class='ocrx_word' id='word_1_442' title='bbox 1424 2482 1546 2546; x_wconf 83' lang='lat' dir='ltr'>l&#39;arsttm.</span> <span class='ocrx_word' id='word_1_443' title='bbox 1566 2486 1611 2547; x_wconf 81' lang='lat' dir='ltr'>tt.</span> <span class='ocrx_word' id='word_1_444' title='bbox 1636 2493 1688 2563; x_wconf 80' lang='lat' dir='ltr'>Qui</span> <span class='ocrx_word' id='word_1_445' title='bbox 1698 2490 1757 2551; x_wconf 72' lang='lat' dir='ltr'>auur</span> <span class='ocrx_word' id='word_1_446' title='bbox 1770 2500 1886 2571; x_wconf 80' lang='lat' dir='ltr'>ocularet,</span> <span class='ocrx_word' id='word_1_447' title='bbox 1908 2512 1933 2559; x_wconf 78' lang='lat' dir='ltr'>rt</span> <span class='ocrx_word' id='word_1_448' title='bbox 2030 2532 2031 2545; x_wconf 49' lang='grc' dir='ltr'>ι</span> 
     </span>
     <span class='ocr_line' id='line_1_53' title="bbox 1132 2560 2031 2654; baseline 0.046 -39"><span class='ocrx_word' id='word_1_449' title='bbox 1132 2560 1233 2622; x_wconf 78' lang='lat' dir='ltr'>uidisset</span> <span class='ocrx_word' id='word_1_450' title='bbox 1255 2569 1365 2637; x_wconf 80' lang='lat' dir='ltr'>qratiam</span> <span class='ocrx_word' id='word_1_451' title='bbox 1377 2571 1442 2642; x_wconf 82' lang='lat' dir='ltr'>liri,</span> <span class='ocrx_word' id='word_1_452' title='bbox 1464 2581 1566 2649; x_wconf 75' lang='lat' dir='ltr'>paritur</span> <span class='ocrx_word' id='word_1_453' title='bbox 1585 2591 1633 2654; x_wconf 78' lang='lat' dir='ltr'>ert,</span> <span class='ocrx_word' id='word_1_454' title='bbox 1647 2595 1671 2642; x_wconf 82' lang='lat' dir='ltr'>et</span> <span class='ocrx_word' id='word_1_455' title='bbox 1684 2587 1833 2649; x_wconf 79' lang='lat' dir='ltr'>hortabatur</span> <span class='ocrx_word' id='word_1_456' title='bbox 1845 2608 1932 2651; x_wconf 76' lang='lat' dir='ltr'>amnes</span> <span class='ocrx_word' id='word_1_457' title='bbox 2030 2560 2031 2583; x_wconf 14' lang='grc' dir='ltr'><em>Χ</em></span> 
     </span>
     <span class='ocr_line' id='line_1_54' title="bbox 1132 2655 1932 2761; baseline 0.043 -50"><span class='ocrx_word' id='word_1_458' title='bbox 1132 2655 1160 2711; x_wconf 86' lang='lat' dir='ltr'>iu</span> <span class='ocrx_word' id='word_1_459' title='bbox 1185 2662 1315 2730; x_wconf 78' lang='lat' dir='ltr'>proposito</span> <span class='ocrx_word' id='word_1_460' title='bbox 1338 2666 1423 2725; x_wconf 80' lang='lat' dir='ltr'>cordia</span> <span class='ocrx_word' id='word_1_461' title='bbox 1450 2686 1597 2742; x_wconf 67' lang='lat' dir='ltr'>pomonam</span> <span class='ocrx_word' id='word_1_462' title='bbox 1610 2678 1638 2735; x_wconf 83' lang='lat' dir='ltr'>iu</span> <span class='ocrx_word' id='word_1_463' title='bbox 1656 2678 1787 2741; x_wconf 78' lang='lat' dir='ltr'>Doauao:</span> <span class='ocrx_word' id='word_1_464' title='bbox 1806 2686 1853 2743; x_wconf 76' lang='lat' dir='ltr'>tt.</span> <span class='ocrx_word' id='word_1_465' title='bbox 1873 2664 1932 2761; x_wconf 77' lang='lat' dir='ltr'>quin</span> 
     </span>
     <span class='ocr_line' id='line_1_55' title="bbox 1133 2754 1930 2853; baseline 0.043 -49"><span class='ocrx_word' id='word_1_466' title='bbox 1133 2760 1185 2806; x_wconf 84' lang='lat' dir='ltr'>erut</span> <span class='ocrx_word' id='word_1_467' title='bbox 1199 2754 1238 2809; x_wconf 87' lang='lat' dir='ltr'>air</span> <span class='ocrx_word' id='word_1_468' title='bbox 1249 2754 1329 2813; x_wconf 86' lang='lat' dir='ltr'>hoaut</span> <span class='ocrx_word' id='word_1_469' title='bbox 1338 2768 1361 2814; x_wconf 86' lang='lat' dir='ltr'>et</span> <span class='ocrx_word' id='word_1_470' title='bbox 1374 2761 1464 2831; x_wconf 82' lang='lat' dir='ltr'>plener</span> <span class='ocrx_word' id='word_1_471' title='bbox 1475 2764 1576 2839; x_wconf 73' lang='lat' dir='ltr'>spirim</span> <span class='ocrx_word' id='word_1_472' title='bbox 1589 2783 1677 2828; x_wconf 84' lang='lat' dir='ltr'>torreto</span> <span class='ocrx_word' id='word_1_473' title='bbox 1690 2785 1714 2829; x_wconf 85' lang='lat' dir='ltr'>et</span> <span class='ocrx_word' id='word_1_474' title='bbox 1726 2776 1788 2847; x_wconf 70' lang='lat' dir='ltr'>piria.</span> <span class='ocrx_word' id='word_1_475' title='bbox 1805 2778 1839 2834; x_wconf 83' lang='lat' dir='ltr'>tir</span> <span class='ocrx_word' id='word_1_476' title='bbox 1848 2798 1930 2853; x_wconf 87' lang='lat' dir='ltr'>oppo-</span> 
     </span>
     <span class='ocr_line' id='line_1_56' title="bbox 1131 2844 1928 2943; baseline 0.041 -44"><span class='ocrx_word' id='word_1_477' title='bbox 1131 2844 1181 2902; x_wconf 81' lang='lat' dir='ltr'>situ</span> <span class='ocrx_word' id='word_1_478' title='bbox 1195 2857 1232 2903; x_wconf 82' lang='lat' dir='ltr'>art</span> <span class='ocrx_word' id='word_1_479' title='bbox 1243 2851 1324 2907; x_wconf 79' lang='lat' dir='ltr'>inuita</span> <span class='ocrx_word' id='word_1_480' title='bbox 1336 2857 1409 2911; x_wconf 86' lang='lat' dir='ltr'>turha</span> <span class='ocrx_word' id='word_1_481' title='bbox 1421 2856 1541 2917; x_wconf 85' lang='lat' dir='ltr'>Domino.</span> <span class='ocrx_word' id='word_1_482' title='bbox 1558 2862 1603 2921; x_wconf 74' lang='lat'>25.</span> <span class='ocrx_word' id='word_1_483' title='bbox 1629 2864 1767 2943; x_wconf 67' lang='lat' dir='ltr'>Profertur</span> <span class='ocrx_word' id='word_1_484' title='bbox 1788 2882 1824 2930; x_wconf 84' lang='lat' dir='ltr'>eri</span> <span class='ocrx_word' id='word_1_485' title='bbox 1842 2885 1928 2933; x_wconf 85' lang='lat' dir='ltr'>auteur</span> 
     </span>
     <span class='ocr_line' id='line_1_57' title="bbox 1133 2938 1932 3039; baseline 0.043 -45"><span class='ocrx_word' id='word_1_486' title='bbox 1133 2938 1266 3000; x_wconf 79' lang='lat' dir='ltr'>anahor</span> <span class='ocrx_word' id='word_1_487' title='bbox 1295 2944 1412 3017; x_wconf 76' lang='lat' dir='ltr'>Turrem,</span> <span class='ocrx_word' id='word_1_488' title='bbox 1429 2961 1456 3007; x_wconf 86' lang='lat' dir='ltr'>ut</span> <span class='ocrx_word' id='word_1_489' title='bbox 1470 2970 1592 3027; x_wconf 74' lang='lat' dir='ltr'>quareret</span> <span class='ocrx_word' id='word_1_490' title='bbox 1614 2960 1750 3022; x_wconf 81' lang='lat' dir='ltr'>Serrium:</span> <span class='ocrx_word' id='word_1_491' title='bbox 1775 2984 1850 3039; x_wconf 83' lang='lat' dir='ltr'>quem</span> <span class='ocrx_word' id='word_1_492' title='bbox 1873 2988 1932 3029; x_wconf 84' lang='lat' dir='ltr'>aaut</span> 
     </span>
     <span class='ocr_line' id='line_1_58' title="bbox 1133 3030 1932 3126; baseline 0.048 -39"><span class='ocrx_word' id='word_1_493' title='bbox 1133 3030 1277 3105; x_wconf 76' lang='lat' dir='ltr'>inuenisset,</span> <span class='ocrx_word' id='word_1_494' title='bbox 1296 3041 1416 3110; x_wconf 74' lang='lat' dir='ltr'>perduxit</span> <span class='ocrx_word' id='word_1_495' title='bbox 1437 3044 1608 3107; x_wconf 79' lang='lat' dir='ltr'>Antiochiam.</span> <span class='ocrx_word' id='word_1_496' title='bbox 1638 3052 1762 3126; x_wconf 85' lang='lat' dir='ltr'>optimus</span> <span class='ocrx_word' id='word_1_497' title='bbox 1778 3060 1819 3115; x_wconf 84' lang='lat' dir='ltr'>uir</span> <span class='ocrx_word' id='word_1_498' title='bbox 1832 3071 1891 3119; x_wconf 87' lang='lat' dir='ltr'>erat</span> <span class='ocrx_word' id='word_1_499' title='bbox 1903 3074 1932 3125; x_wconf 84' lang='lat' dir='ltr'>ei</span> 
     </span>
     <span class='ocr_line' id='line_1_59' title="bbox 1132 3127 1931 3216; baseline 0.039 -32"><span class='ocrx_word' id='word_1_500' title='bbox 1132 3127 1257 3201; x_wconf 83' lang='lat' dir='ltr'>simplex,</span> <span class='ocrx_word' id='word_1_501' title='bbox 1274 3140 1355 3207; x_wconf 86' lang='lat' dir='ltr'>atque</span> <span class='ocrx_word' id='word_1_502' title='bbox 1369 3136 1452 3196; x_wconf 82' lang='lat' dir='ltr'>Paulo</span> <span class='ocrx_word' id='word_1_503' title='bbox 1466 3139 1616 3203; x_wconf 76' lang='lat' dir='ltr'>familiaris.</span> <span class='ocrx_word' id='word_1_504' title='bbox 1633 3146 1696 3207; x_wconf 83' lang='lat' dir='ltr'>ltleo</span> <span class='ocrx_word' id='word_1_505' title='bbox 1712 3152 1786 3210; x_wconf 86' lang='lat' dir='ltr'>veuit</span> <span class='ocrx_word' id='word_1_506' title='bbox 1798 3154 1833 3212; x_wconf 88' lang='lat' dir='ltr'>ad</span> <span class='ocrx_word' id='word_1_507' title='bbox 1849 3158 1931 3216; x_wconf 89' lang='lat' dir='ltr'>athle-</span> 
     </span>
     <span class='ocr_line' id='line_1_60' title="bbox 1132 3223 1930 3318; baseline 0.039 -41"><span class='ocrx_word' id='word_1_508' title='bbox 1132 3228 1198 3289; x_wconf 91' lang='lat' dir='ltr'>tam,</span> <span class='ocrx_word' id='word_1_509' title='bbox 1211 3223 1246 3280; x_wconf 85' lang='lat' dir='ltr'>ati</span> <span class='ocrx_word' id='word_1_510' title='bbox 1256 3225 1364 3296; x_wconf 86' lang='lat' dir='ltr'>ducem,</span> <span class='ocrx_word' id='word_1_511' title='bbox 1378 3231 1411 3287; x_wconf 83' lang='lat' dir='ltr'>ad</span> <span class='ocrx_word' id='word_1_512' title='bbox 1436 3237 1660 3309; x_wconf 79' lang='lat' dir='ltr'>monomachum,</span> <span class='ocrx_word' id='word_1_513' title='bbox 1683 3243 1716 3300; x_wconf 88' lang='lat' dir='ltr'>ad</span> <span class='ocrx_word' id='word_1_514' title='bbox 1731 3245 1839 3304; x_wconf 85' lang='lat' dir='ltr'>leonem</span> <span class='ocrx_word' id='word_1_515' title='bbox 1854 3266 1860 3318; x_wconf 92' lang='lat'>;</span> <span class='ocrx_word' id='word_1_516' title='bbox 1880 3267 1930 3307; x_wconf 91' lang='lat' dir='ltr'>ne·</span> 
     </span>
     <span class='ocr_line' id='line_1_61' title="bbox 1134 3313 1929 3415; baseline 0.038 -45"><span class='ocrx_word' id='word_1_517' title='bbox 1134 3313 1193 3372; x_wconf 85' lang='lat' dir='ltr'>tciu</span> <span class='ocrx_word' id='word_1_518' title='bbox 1203 3317 1267 3389; x_wconf 89' lang='lat' dir='ltr'>qultl</span> <span class='ocrx_word' id='word_1_519' title='bbox 1282 3319 1370 3378; x_wconf 69' lang='lat' dir='ltr'>duam</span> <span class='ocrx_word' id='word_1_520' title='bbox 1382 3340 1389 3391; x_wconf 89' lang='lat'>;</span> <span class='ocrx_word' id='word_1_521' title='bbox 1401 3326 1531 3398; x_wconf 78' lang='lat' dir='ltr'>quidquid</span> <span class='ocrx_word' id='word_1_522' title='bbox 1546 3333 1617 3403; x_wconf 79' lang='lat' dir='ltr'>cuim</span> <span class='ocrx_word' id='word_1_523' title='bbox 1641 3333 1774 3406; x_wconf 82' lang='lat' dir='ltr'>dixerim,</span> <span class='ocrx_word' id='word_1_524' title='bbox 1797 3339 1929 3415; x_wconf 76' lang='lat' dir='ltr'>dignitate</span> 
     </span>
     <span class='ocr_line' id='line_1_62' title="bbox 1132 3406 1929 3504; baseline 0.038 -41"><span class='ocrx_word' id='word_1_525' title='bbox 1132 3406 1246 3468; x_wconf 87' lang='lat' dir='ltr'>inlerins</span> <span class='ocrx_word' id='word_1_526' title='bbox 1260 3413 1344 3472; x_wconf 85' lang='lat' dir='ltr'>Pnuio</span> <span class='ocrx_word' id='word_1_527' title='bbox 1358 3417 1418 3474; x_wconf 88' lang='lat' dir='ltr'>erit.</span> <span class='ocrx_word' id='word_1_528' title='bbox 1432 3419 1512 3478; x_wconf 77' lang='lat' dir='ltr'>Vetuit</span> <span class='ocrx_word' id='word_1_529' title='bbox 1525 3421 1558 3480; x_wconf 83' lang='lat' dir='ltr'>atl</span> <span class='ocrx_word' id='word_1_530' title='bbox 1570 3428 1721 3486; x_wconf 87' lang='lat' dir='ltr'>venaticum</span> <span class='ocrx_word' id='word_1_531' title='bbox 1734 3445 1852 3504; x_wconf 88' lang='lat' dir='ltr'>canem,</span> <span class='ocrx_word' id='word_1_532' title='bbox 1871 3435 1929 3493; x_wconf 90' lang='lat' dir='ltr'>leo-</span> 
     </span>
    </p>
   </div>
   <div class='ocr_carea' id='block_1_10' title="bbox 1132 3504 2031 3594">
    <p class='ocr_par' dir='ltr' id='par_1_11' title="bbox 1132 3504 2031 3594">
     <span class='ocr_line' id='line_1_63' title="bbox 1132 3504 2031 3594; baseline 0.041 -37"><span class='ocrx_word' id='word_1_533' title='bbox 1132 3516 1182 3560; x_wconf 89' lang='lat' dir='ltr'>nes</span> <span class='ocrx_word' id='word_1_534' title='bbox 1196 3504 1384 3578; x_wconf 86' lang='lat' dir='ltr'>occidentem,</span> <span class='ocrx_word' id='word_1_535' title='bbox 1410 3511 1444 3568; x_wconf 89' lang='lat' dir='ltr'>arl</span> <span class='ocrx_word' id='word_1_536' title='bbox 1466 3522 1571 3572; x_wconf 90' lang='lat' dir='ltr'>taurum</span> <span class='ocrx_word' id='word_1_537' title='bbox 1596 3518 1712 3590; x_wconf 91' lang='lat' dir='ltr'>iortem,</span> <span class='ocrx_word' id='word_1_538' title='bbox 1734 3524 1767 3579; x_wconf 85' lang='lat' dir='ltr'>ari</span> <span class='ocrx_word' id='word_1_539' title='bbox 1789 3525 1927 3586; x_wconf 82' lang='lat' dir='ltr'>incernam</span> <span class='ocrx_word' id='word_1_540' title='bbox 2030 3591 2031 3594; x_wconf 74' lang='grc'>,</span> 
     </span>
    </p>
   </div>
   <div class='ocr_carea' id='block_1_11' title="bbox 1131 3596 2031 3874">
    <p class='ocr_par' dir='ltr' id='par_1_12' title="bbox 1131 3596 2031 3886">
     <span class='ocr_line' id='line_1_64' title="bbox 1131 3596 2031 3681; baseline 0.036 -29"><span class='ocrx_word' id='word_1_541' title='bbox 1131 3596 1322 3672; x_wconf 82' lang='lat' dir='ltr'>splendidam,</span> <span class='ocrx_word' id='word_1_542' title='bbox 1342 3603 1375 3661; x_wconf 85' lang='lat' dir='ltr'>ad</span> <span class='ocrx_word' id='word_1_543' title='bbox 1395 3621 1426 3662; x_wconf 91' lang='lat' dir='ltr'>os</span> <span class='ocrx_word' id='word_1_544' title='bbox 1440 3609 1498 3666; x_wconf 89' lang='lat' dir='ltr'>orhi</span> <span class='ocrx_word' id='word_1_545' title='bbox 1514 3610 1658 3670; x_wconf 87' lang='lat' dir='ltr'>sullicieus.</span> <span class='ocrx_word' id='word_1_546' title='bbox 1670 3614 1740 3674; x_wconf 88' lang='lat' dir='ltr'>llere</span> <span class='ocrx_word' id='word_1_547' title='bbox 1752 3617 1817 3676; x_wconf 87' lang='lat' dir='ltr'>ideo</span> <span class='ocrx_word' id='word_1_548' title='bbox 1831 3622 1929 3681; x_wconf 78' lang='lat' dir='ltr'>Antio·</span> <span class='ocrx_word' id='word_1_549' title='bbox 2030 3619 2031 3630; x_wconf 73' lang='grc'>’</span> 
     </span>
     <span class='ocr_line' id='line_1_65' title="bbox 1131 3687 2031 3778; baseline 0.038 -34"><span class='ocrx_word' id='word_1_550' title='bbox 1131 3687 1202 3744; x_wconf 73' lang='lat' dir='ltr'>thiar</span> <span class='ocrx_word' id='word_1_551' title='bbox 1219 3694 1306 3748; x_wconf 78' lang='lat' dir='ltr'>vocati</span> <span class='ocrx_word' id='word_1_552' title='bbox 1334 3705 1396 3752; x_wconf 87' lang='lat' dir='ltr'>sunt</span> <span class='ocrx_word' id='word_1_553' title='bbox 1422 3698 1588 3772; x_wconf 80' lang='lat' dir='ltr'>Christiani,</span> <span class='ocrx_word' id='word_1_554' title='bbox 1615 3705 1677 3778; x_wconf 85' lang='lat' dir='ltr'>qula</span> <span class='ocrx_word' id='word_1_555' title='bbox 1689 3707 1788 3768; x_wconf 84' lang='lat' dir='ltr'>Paulus</span> <span class='ocrx_word' id='word_1_556' title='bbox 1800 3712 1837 3769; x_wconf 88' lang='lat' dir='ltr'>ibi</span> <span class='ocrx_word' id='word_1_557' title='bbox 1854 3724 1929 3774; x_wconf 91' lang='lat' dir='ltr'>tanto</span> <span class='ocrx_word' id='word_1_558' title='bbox 2030 3747 2031 3752; x_wconf 19' lang='grc' dir='ltr'>ι</span> 
     </span>
     <span class='ocr_line' id='line_1_66' title="bbox 1132 3790 2031 3874; baseline 0.037 -37"><span class='ocrx_word' id='word_1_559' title='bbox 1132 3790 1427 3856; x_wconf 69' lang='lat' dir='ltr'>temperamentorum.</span> <span class='ocrx_word' id='word_1_560' title='bbox 1444 3791 1553 3851; x_wconf 81' lang='lat' dir='ltr'>Factum</span> <span class='ocrx_word' id='word_1_561' title='bbox 1563 3807 1692 3857; x_wconf 80' lang='lat' dir='ltr'>ertnrueut</span> <span class='ocrx_word' id='word_1_562' title='bbox 1703 3811 1729 3858; x_wconf 87' lang='lat' dir='ltr'>ut</span> <span class='ocrx_word' id='word_1_563' title='bbox 1739 3821 1835 3864; x_wconf 85' lang='lat' dir='ltr'>aunam</span> <span class='ocrx_word' id='word_1_564' title='bbox 1847 3817 1928 3866; x_wconf 86' lang='lat' dir='ltr'>totum</span> <span class='ocrx_word' id='word_1_565' title='bbox 2030 3821 2031 3874; x_wconf 85' lang='lat' dir='ltr'>i</span> 
     </span>
    </p>
   </div>
   <div class='ocr_carea' id='block_1_12' title="bbox 1131 3875 1927 3972">
    <p class='ocr_par' dir='ltr' id='par_1_13' title="bbox 1131 3875 1927 3972">
     <span class='ocr_line' id='line_1_67' title="bbox 1131 3875 1927 3972; baseline 0.034 -42"><span class='ocrx_word' id='word_1_566' title='bbox 1131 3889 1342 3954; x_wconf 64' lang='lat' dir='ltr'>comprecarentur</span> <span class='ocrx_word' id='word_1_567' title='bbox 1353 3884 1381 3938; x_wconf 91' lang='lat' dir='ltr'>iu</span> <span class='ocrx_word' id='word_1_568' title='bbox 1393 3883 1518 3958; x_wconf 82' lang='lat' dir='ltr'>Ecclesia,</span> <span class='ocrx_word' id='word_1_569' title='bbox 1530 3899 1555 3946; x_wconf 85' lang='lat' dir='ltr'>ei</span> <span class='ocrx_word' id='word_1_570' title='bbox 1567 3891 1683 3950; x_wconf 80' lang='lat' dir='ltr'>docercui</span> <span class='ocrx_word' id='word_1_571' title='bbox 1694 3875 1795 3962; x_wconf 75' lang='lat' dir='ltr'>turicum</span> <span class='ocrx_word' id='word_1_572' title='bbox 1809 3900 1927 3972; x_wconf 78' lang='lat' dir='ltr'>multam,</span> 
     </span>
    </p>
   </div>
   <div class='ocr_carea' id='block_1_13' title="bbox 1130 3969 1949 4145">
    <p class='ocr_par' dir='ltr' id='par_1_14' title="bbox 1130 3969 1949 4145">
     <span class='ocr_line' id='line_1_68' title="bbox 1130 3969 1949 4068; baseline 0.039 -44"><span class='ocrx_word' id='word_1_573' title='bbox 1130 3969 1167 4025; x_wconf 83' lang='lat' dir='ltr'>ita</span> <span class='ocrx_word' id='word_1_574' title='bbox 1191 3980 1218 4026; x_wconf 88' lang='lat' dir='ltr'>rtt</span> <span class='ocrx_word' id='word_1_575' title='bbox 1242 3977 1480 4048; x_wconf 82' lang='lat' dir='ltr'>roquomiuareutur</span> <span class='ocrx_word' id='word_1_576' title='bbox 1508 3984 1618 4056; x_wconf 58' lang='lat' dir='ltr'>paurum</span> <span class='ocrx_word' id='word_1_577' title='bbox 1639 3989 1781 4049; x_wconf 77' lang='lat' dir='ltr'>Antiochiae</span> <span class='ocrx_word' id='word_1_578' title='bbox 1808 3995 1949 4068; x_wconf 78' lang='lat' dir='ltr'>discipuli·</span> 
     </span>
     <span class='ocr_line' id='line_1_69' title="bbox 1130 4059 1927 4145; baseline 0.034 -26"><span class='ocrx_word' id='word_1_579' title='bbox 1130 4059 1347 4126; x_wconf 73' lang='lat' dir='ltr'>chusarsathon</span> <span class='ocrx_word' id='word_1_580' title='bbox 1362 4085 1444 4142; x_wconf 91' lang='lat' dir='ltr'>parra</span> <span class='ocrx_word' id='word_1_581' title='bbox 1459 4074 1574 4134; x_wconf 84' lang='lat' dir='ltr'>ciuitatis</span> <span class='ocrx_word' id='word_1_582' title='bbox 1587 4079 1644 4137; x_wconf 88' lang='lat' dir='ltr'>laus</span> <span class='ocrx_word' id='word_1_583' title='bbox 1660 4079 1726 4139; x_wconf 84' lang='lat' dir='ltr'>hacc.</span> <span class='ocrx_word' id='word_1_584' title='bbox 1752 4083 1808 4142; x_wconf 89' lang='lat' dir='ltr'>lioo</span> <span class='ocrx_word' id='word_1_585' title='bbox 1833 4097 1927 4145; x_wconf 84' lang='lat' dir='ltr'>contra</span> 
     </span>
    </p>
   </div>
   <div class='ocr_carea' id='block_1_14' title="bbox 1130 4157 2031 4438">
    <p class='ocr_par' dir='ltr' id='par_1_15' title="bbox 1130 4157 2031 4438">
     <span class='ocr_line' id='line_1_70' title="bbox 1132 4157 1928 4242; baseline 0.038 -33"><span class='ocrx_word' id='word_1_586' title='bbox 1132 4167 1227 4213; x_wconf 89' lang='lat' dir='ltr'>omnes</span> <span class='ocrx_word' id='word_1_587' title='bbox 1253 4157 1348 4216; x_wconf 85' lang='lat' dir='ltr'>adduci</span> <span class='ocrx_word' id='word_1_588' title='bbox 1372 4171 1470 4234; x_wconf 89' lang='lat' dir='ltr'>potest,</span> <span class='ocrx_word' id='word_1_589' title='bbox 1486 4169 1556 4240; x_wconf 89' lang='lat' dir='ltr'>quod</span> <span class='ocrx_word' id='word_1_590' title='bbox 1573 4171 1658 4242; x_wconf 90' lang='lat' dir='ltr'>prima</span> <span class='ocrx_word' id='word_1_591' title='bbox 1680 4177 1799 4233; x_wconf 75' lang='lat' dir='ltr'>oninium</span> <span class='ocrx_word' id='word_1_592' title='bbox 1814 4195 1863 4238; x_wconf 88' lang='lat' dir='ltr'>ore</span> <span class='ocrx_word' id='word_1_593' title='bbox 1881 4181 1928 4238; x_wconf 87' lang='lat' dir='ltr'>tali</span> 
     </span>
     <span class='ocr_line' id='line_1_71' title="bbox 1131 4253 2031 4338; baseline 0.039 -37"><span class='ocrx_word' id='word_1_594' title='bbox 1131 4253 1204 4304; x_wconf 89' lang='lat' dir='ltr'>tauto</span> <span class='ocrx_word' id='word_1_595' title='bbox 1227 4257 1348 4326; x_wconf 86' lang='lat' dir='ltr'>tempore</span> <span class='ocrx_word' id='word_1_596' title='bbox 1363 4253 1517 4314; x_wconf 86' lang='lat' dir='ltr'>irrueretur:</span> <span class='ocrx_word' id='word_1_597' title='bbox 1534 4261 1605 4320; x_wconf 86' lang='lat' dir='ltr'>unde</span> <span class='ocrx_word' id='word_1_598' title='bbox 1621 4271 1649 4322; x_wconf 88' lang='lat' dir='ltr'>et</span> <span class='ocrx_word' id='word_1_599' title='bbox 1671 4268 1758 4338; x_wconf 89' lang='lat' dir='ltr'>primo</span> <span class='ocrx_word' id='word_1_600' title='bbox 1783 4271 1862 4330; x_wconf 88' lang='lat' dir='ltr'>isthic</span> <span class='ocrx_word' id='word_1_601' title='bbox 1874 4273 1928 4334; x_wconf 86' lang='lat' dir='ltr'>hoe</span> <span class='ocrx_word' id='word_1_602' title='bbox 2030 4313 2031 4330; x_wconf 62' lang='lat'>1</span> 
     </span>
     <span class='ocr_line' id='line_1_72' title="bbox 1130 4341 2031 4438; baseline 0.042 -44"><span class='ocrx_word' id='word_1_603' title='bbox 1130 4341 1238 4399; x_wconf 90' lang='lat' dir='ltr'>uomiue</span> <span class='ocrx_word' id='word_1_604' title='bbox 1251 4343 1351 4417; x_wconf 74' lang='lat' dir='ltr'>dignati</span> <span class='ocrx_word' id='word_1_605' title='bbox 1364 4359 1436 4406; x_wconf 89' lang='lat' dir='ltr'>suut.</span> <span class='ocrx_word' id='word_1_606' title='bbox 1450 4351 1543 4412; x_wconf 84' lang='lat' dir='ltr'>Videu&#39;</span> <span class='ocrx_word' id='word_1_607' title='bbox 1555 4356 1581 4412; x_wconf 90' lang='lat' dir='ltr'>in</span> <span class='ocrx_word' id='word_1_608' title='bbox 1593 4370 1722 4432; x_wconf 88' lang='lat' dir='ltr'>quautam</span> <span class='ocrx_word' id='word_1_609' title='bbox 1736 4363 1869 4438; x_wconf 77' lang='lat' dir='ltr'>lastiqium</span> <span class='ocrx_word' id='word_1_610' title='bbox 1885 4370 1926 4427; x_wconf 89' lang='lat' dir='ltr'>ci·</span> <span class='ocrx_word' id='word_1_611' title='bbox 2030 4343 2031 4358; x_wconf 12' lang='grc' dir='ltr'>ἵ</span> 
     </span>
    </p>
   </div>
   <div class='ocr_carea' id='block_1_15' title="bbox 229 4416 2031 5932">
    <p class='ocr_par' dir='ltr' id='par_1_16' title="bbox 229 4416 2031 5932">
     <span class='ocr_line' id='line_1_73' title="bbox 279 4416 1927 4522; baseline 0.019 -34"><span class='ocrx_word' id='word_1_612' title='bbox 279 4429 380 4496; x_wconf 70' lang='lat' dir='ltr'>lerum.</span> <span class='ocrx_word' id='word_1_613' title='bbox 395 4431 442 4488; x_wconf 82' lang='lat' dir='ltr'>tt.</span> <span class='ocrx_word' id='word_1_614' title='bbox 455 4432 553 4492; x_wconf 78' lang='lat' dir='ltr'>literar</span> <span class='ocrx_word' id='word_1_615' title='bbox 566 4446 659 4490; x_wconf 79' lang='grc' dir='ltr'>ιιιιιιιιιι</span> <span class='ocrx_word' id='word_1_616' title='bbox 670 4416 778 4490; x_wconf 82' lang='lat' dir='ltr'>Domini</span> <span class='ocrx_word' id='word_1_617' title='bbox 790 4451 849 4490; x_wconf 83' lang='lat' dir='ltr'>ram</span> <span class='ocrx_word' id='word_1_618' title='bbox 859 4435 895 4490; x_wconf 80' lang='lat' dir='ltr'>cir</span> <span class='ocrx_word' id='word_1_619' title='bbox 910 4433 1078 4506; x_wconf 82' lang='lat' dir='ltr'>:muiturqae</span> <span class='ocrx_word' id='word_1_620' title='bbox 1129 4435 1238 4493; x_wconf 86' lang='lat' dir='ltr'>ritatem</span> <span class='ocrx_word' id='word_1_621' title='bbox 1251 4441 1388 4514; x_wconf 82' lang='lat' dir='ltr'>extulerit,</span> <span class='ocrx_word' id='word_1_622' title='bbox 1414 4445 1612 4522; x_wconf 83' lang='lat' dir='ltr'>clarioremque</span> <span class='ocrx_word' id='word_1_623' title='bbox 1634 4451 1749 4514; x_wconf 81' lang='lat' dir='ltr'>iecerit?</span> <span class='ocrx_word' id='word_1_624' title='bbox 1768 4457 1825 4516; x_wconf 88' lang='lat' dir='ltr'>Hoc</span> <span class='ocrx_word' id='word_1_625' title='bbox 1849 4461 1927 4519; x_wconf 85' lang='lat' dir='ltr'>Pauli</span> 
     </span>
     <span class='ocr_line' id='line_1_74' title="bbox 279 4524 1927 4620; baseline 0.02 -41"><span class='ocrx_word' id='word_1_626' title='bbox 279 4537 401 4590; x_wconf 73' lang='grc' dir='ltr'>ιιιιιιιιιιιι</span> <span class='ocrx_word' id='word_1_627' title='bbox 410 4524 566 4583; x_wconf 71' lang='lat' dir='ltr'>amentium</span> <span class='ocrx_word' id='word_1_628' title='bbox 576 4542 712 4583; x_wconf 69' lang='lat' dir='ltr'>conrasas</span> <span class='ocrx_word' id='word_1_629' title='bbox 725 4538 762 4583; x_wconf 79' lang='lat' dir='ltr'>est</span> <span class='ocrx_word' id='word_1_630' title='bbox 773 4526 808 4581; x_wconf 83' lang='lat' dir='ltr'>rai</span> <span class='ocrx_word' id='word_1_631' title='bbox 821 4525 1074 4587; x_wconf 70' lang='lat' dir='ltr'>uerrucarum.</span> <span class='ocrx_word' id='word_1_632' title='bbox 1129 4542 1198 4600; x_wconf 89' lang='lat' dir='ltr'>opus</span> <span class='ocrx_word' id='word_1_633' title='bbox 1210 4540 1261 4587; x_wconf 90' lang='lat' dir='ltr'>est.</span> <span class='ocrx_word' id='word_1_634' title='bbox 1273 4531 1324 4590; x_wconf 84' lang='lat' dir='ltr'>tihi</span> <span class='ocrx_word' id='word_1_635' title='bbox 1341 4536 1390 4591; x_wconf 91' lang='lat' dir='ltr'>tria</span> <span class='ocrx_word' id='word_1_636' title='bbox 1405 4538 1498 4610; x_wconf 87' lang='lat' dir='ltr'>miliia,</span> <span class='ocrx_word' id='word_1_637' title='bbox 1514 4541 1559 4598; x_wconf 87' lang='lat' dir='ltr'>uhi</span> <span class='ocrx_word' id='word_1_638' title='bbox 1578 4545 1697 4620; x_wconf 88' lang='lat' dir='ltr'>quinque</span> <span class='ocrx_word' id='word_1_639' title='bbox 1712 4549 1785 4606; x_wconf 86' lang='lat' dir='ltr'>milia</span> <span class='ocrx_word' id='word_1_640' title='bbox 1801 4554 1927 4613; x_wconf 82' lang='lat' dir='ltr'>cretlidu-</span> 
     </span>
     <span class='ocr_line' id='line_1_75' title="bbox 285 4615 1922 4718; baseline 0.02 -46"><span class='ocrx_word' id='word_1_641' title='bbox 285 4615 364 4685; x_wconf 81' lang='lat' dir='ltr'>true,</span> <span class='ocrx_word' id='word_1_642' title='bbox 378 4617 481 4674; x_wconf 81' lang='lat' dir='ltr'>Graecis</span> <span class='ocrx_word' id='word_1_643' title='bbox 493 4618 661 4692; x_wconf 68' lang='lat' dir='ltr'>euangelium</span> <span class='ocrx_word' id='word_1_644' title='bbox 681 4619 852 4677; x_wconf 87' lang='lat' dir='ltr'>annuntiant.</span> <span class='ocrx_word' id='word_1_645' title='bbox 868 4617 1023 4678; x_wconf 76' lang='lat' dir='ltr'>Verisimile</span> <span class='ocrx_word' id='word_1_646' title='bbox 1035 4626 1078 4678; x_wconf 90' lang='lat' dir='ltr'>est</span> <span class='ocrx_word' id='word_1_647' title='bbox 1129 4630 1202 4692; x_wconf 90' lang='lat' dir='ltr'>runt,</span> <span class='ocrx_word' id='word_1_648' title='bbox 1224 4623 1268 4680; x_wconf 93' lang='lat' dir='ltr'>uhi</span> <span class='ocrx_word' id='word_1_649' title='bbox 1283 4633 1355 4683; x_wconf 90' lang='lat' dir='ltr'>tanta</span> <span class='ocrx_word' id='word_1_650' title='bbox 1369 4629 1528 4701; x_wconf 87' lang='lat' dir='ltr'>multitudo,</span> <span class='ocrx_word' id='word_1_651' title='bbox 1545 4634 1583 4692; x_wconf 87' lang='lat' dir='ltr'>ihi</span> <span class='ocrx_word' id='word_1_652' title='bbox 1603 4637 1671 4694; x_wconf 88' lang='lat' dir='ltr'>nihil</span> <span class='ocrx_word' id='word_1_653' title='bbox 1682 4642 1735 4698; x_wconf 89' lang='lat' dir='ltr'>tale</span> <span class='ocrx_word' id='word_1_654' title='bbox 1750 4641 1850 4710; x_wconf 85' lang='lat' dir='ltr'>iactum</span> <span class='ocrx_word' id='word_1_655' title='bbox 1861 4659 1922 4718; x_wconf 83' lang='lat' dir='ltr'>est;</span> 
     </span>
     <span class='ocr_line' id='line_1_76' title="bbox 279 4709 1926 4798; baseline 0.014 -32"><span class='ocrx_word' id='word_1_656' title='bbox 279 4709 352 4768; x_wconf 91' lang='lat' dir='ltr'>euim</span> <span class='ocrx_word' id='word_1_657' title='bbox 364 4710 426 4768; x_wconf 87' lang='lat' dir='ltr'>iilos</span> <span class='ocrx_word' id='word_1_658' title='bbox 439 4711 534 4770; x_wconf 85' lang='lat' dir='ltr'>Graece</span> <span class='ocrx_word' id='word_1_659' title='bbox 546 4712 672 4782; x_wconf 85' lang='lat' dir='ltr'>sciuisse,</span> <span class='ocrx_word' id='word_1_660' title='bbox 687 4721 715 4769; x_wconf 91' lang='lat' dir='ltr'>et</span> <span class='ocrx_word' id='word_1_661' title='bbox 729 4712 880 4770; x_wconf 83' lang='lat' dir='ltr'>Antiochiae</span> <span class='ocrx_word' id='word_1_662' title='bbox 890 4713 991 4770; x_wconf 85' lang='lat' dir='ltr'>multos</span> <span class='ocrx_word' id='word_1_663' title='bbox 1005 4715 1075 4774; x_wconf 86' lang='lat' dir='ltr'>tales</span> <span class='ocrx_word' id='word_1_664' title='bbox 1127 4715 1176 4772; x_wconf 88' lang='lat' dir='ltr'>sed</span> <span class='ocrx_word' id='word_1_665' title='bbox 1203 4716 1291 4775; x_wconf 89' lang='lat' dir='ltr'>adhue</span> <span class='ocrx_word' id='word_1_666' title='bbox 1302 4719 1336 4777; x_wconf 86' lang='lat' dir='ltr'>de</span> <span class='ocrx_word' id='word_1_667' title='bbox 1349 4722 1392 4782; x_wconf 83' lang='lat' dir='ltr'>‚ria</span> <span class='ocrx_word' id='word_1_668' title='bbox 1406 4723 1450 4779; x_wconf 91' lang='lat' dir='ltr'>ilia</span> <span class='ocrx_word' id='word_1_669' title='bbox 1476 4734 1578 4784; x_wconf 87' lang='lat' dir='ltr'>tautum</span> <span class='ocrx_word' id='word_1_670' title='bbox 1604 4744 1664 4788; x_wconf 88' lang='lat' dir='ltr'>esse</span> <span class='ocrx_word' id='word_1_671' title='bbox 1688 4733 1865 4797; x_wconf 76' lang='lat' dir='ltr'>dicebamur:</span> <span class='ocrx_word' id='word_1_672' title='bbox 1881 4739 1926 4798; x_wconf 71' lang='lat' dir='ltr'>tue</span> 
     </span>
     <span class='ocr_line' id='line_1_77' title="bbox 277 4797 1925 4894; baseline 0.019 -34"><span class='ocrx_word' id='word_1_673' title='bbox 277 4797 414 4861; x_wconf 71' lang='lat' dir='ltr'>iniecerit</span> <span class='ocrx_word' id='word_1_674' title='bbox 426 4812 491 4873; x_wconf 73' lang='lat' dir='ltr'>oct,</span> <span class='ocrx_word' id='word_1_675' title='bbox 505 4804 601 4876; x_wconf 89' lang='lat' dir='ltr'>inquit,</span> <span class='ocrx_word' id='word_1_676' title='bbox 615 4821 706 4861; x_wconf 79' lang='lat' dir='ltr'>muer</span> <span class='ocrx_word' id='word_1_677' title='bbox 718 4803 824 4861; x_wconf 81' lang='lat' dir='ltr'>lioruiui</span> <span class='ocrx_word' id='word_1_678' title='bbox 832 4821 890 4861; x_wconf 83' lang='lat' dir='ltr'>eum</span> <span class='ocrx_word' id='word_1_679' title='bbox 899 4806 969 4875; x_wconf 85' lang='lat' dir='ltr'>iiiir,·</span> <span class='ocrx_word' id='word_1_680' title='bbox 981 4806 1009 4863; x_wconf 83' lang='lat' dir='ltr'>iu</span> <span class='ocrx_word' id='word_1_681' title='bbox 1021 4817 1075 4882; x_wconf 87' lang='lat' dir='ltr'>est,</span> <span class='ocrx_word' id='word_1_682' title='bbox 1127 4823 1192 4866; x_wconf 83' lang='lat' dir='ltr'>uero</span> <span class='ocrx_word' id='word_1_683' title='bbox 1205 4809 1349 4870; x_wconf 87' lang='lat' dir='ltr'>Christiani</span> <span class='ocrx_word' id='word_1_684' title='bbox 1362 4818 1487 4888; x_wconf 88' lang='lat' dir='ltr'>appellati</span> <span class='ocrx_word' id='word_1_685' title='bbox 1503 4831 1575 4878; x_wconf 92' lang='lat' dir='ltr'>suut.</span> <span class='ocrx_word' id='word_1_686' title='bbox 1597 4823 1643 4882; x_wconf 78' lang='lat' dir='ltr'>tt.</span> <span class='ocrx_word' id='word_1_687' title='bbox 1671 4825 1706 4884; x_wconf 87' lang='lat' dir='ltr'>lu</span> <span class='ocrx_word' id='word_1_688' title='bbox 1717 4829 1757 4894; x_wconf 84' lang='lat' dir='ltr'>his</span> <span class='ocrx_word' id='word_1_689' title='bbox 1770 4842 1856 4891; x_wconf 85' lang='lat' dir='ltr'>autem</span> <span class='ocrx_word' id='word_1_690' title='bbox 1866 4835 1925 4892; x_wconf 82' lang='lat' dir='ltr'>rtie-</span> 
     </span>
     <span class='ocr_line' id='line_1_78' title="bbox 277 4895 1925 4995; baseline 0.02 -41"><span class='ocrx_word' id='word_1_691' title='bbox 277 4895 354 4970; x_wconf 68' lang='lat' dir='ltr'>aqna</span> <span class='ocrx_word' id='word_1_692' title='bbox 369 4897 512 4954; x_wconf 73' lang='lat' dir='ltr'>faciehant.</span> <span class='ocrx_word' id='word_1_693' title='bbox 527 4897 633 4966; x_wconf 76' lang='lat' dir='ltr'>iiden’,</span> <span class='ocrx_word' id='word_1_694' title='bbox 659 4911 709 4954; x_wconf 92' lang='lat' dir='ltr'>cur</span> <span class='ocrx_word' id='word_1_695' title='bbox 728 4897 810 4954; x_wconf 88' lang='lat' dir='ltr'>etiam</span> <span class='ocrx_word' id='word_1_696' title='bbox 839 4913 911 4958; x_wconf 89' lang='lat' dir='ltr'>uuuc</span> <span class='ocrx_word' id='word_1_697' title='bbox 936 4899 1076 4974; x_wconf 69' lang='lat' dir='ltr'>signorum</span> <span class='ocrx_word' id='word_1_698' title='bbox 1127 4901 1174 4960; x_wconf 81' lang='lat' dir='ltr'>bur</span> <span class='ocrx_word' id='word_1_699' title='bbox 1187 4905 1370 4964; x_wconf 75' lang='lat' dir='ltr'>ducendarum</span> <span class='ocrx_word' id='word_1_700' title='bbox 1383 4911 1415 4964; x_wconf 84' lang='lat' dir='ltr'>air</span> <span class='ocrx_word' id='word_1_701' title='bbox 1428 4909 1596 4990; x_wconf 76' lang='lat' dir='ltr'>Jeroroiqmir</span> <span class='ocrx_word' id='word_1_702' title='bbox 1608 4921 1740 4995; x_wconf 79' lang='lat' dir='ltr'>propheta</span> <span class='ocrx_word' id='word_1_703' title='bbox 1749 4925 1925 4990; x_wconf 72' lang='lat' dir='ltr'>harmoniam.</span> 
     </span>
     <span class='ocr_line' id='line_1_79' title="bbox 276 4988 1927 5096; baseline 0.016 -50"><span class='ocrx_word' id='word_1_704' title='bbox 276 4990 423 5048; x_wconf 76' lang='lat' dir='ltr'>amessias</span> <span class='ocrx_word' id='word_1_705' title='bbox 438 4988 530 5058; x_wconf 87' lang='lat' dir='ltr'>luerit,</span> <span class='ocrx_word' id='word_1_706' title='bbox 544 4999 573 5045; x_wconf 94' lang='lat' dir='ltr'>ut</span> <span class='ocrx_word' id='word_1_707' title='bbox 597 4989 767 5046; x_wconf 75' lang='lat' dir='ltr'>crederent?</span> <span class='ocrx_word' id='word_1_708' title='bbox 783 4990 829 5048; x_wconf 78' lang='lat' dir='ltr'>tt.</span> <span class='ocrx_word' id='word_1_709' title='bbox 845 4991 966 5052; x_wconf 81' lang='lat' dir='ltr'>Peruenit</span> <span class='ocrx_word' id='word_1_710' title='bbox 990 5004 1075 5051; x_wconf 86' lang='lat' dir='ltr'>autem</span> <span class='ocrx_word' id='word_1_711' title='bbox 1127 4997 1259 5068; x_wconf 81' lang='lat' dir='ltr'>Quoniam</span> <span class='ocrx_word' id='word_1_712' title='bbox 1275 5001 1353 5061; x_wconf 86' lang='lat' dir='ltr'>isthic</span> <span class='ocrx_word' id='word_1_713' title='bbox 1365 5003 1479 5074; x_wconf 86' lang='lat' dir='ltr'>lructum</span> <span class='ocrx_word' id='word_1_714' title='bbox 1490 5005 1670 5088; x_wconf 78' lang='lat' dir='ltr'>elcemosynae</span> <span class='ocrx_word' id='word_1_715' title='bbox 1682 5017 1797 5096; x_wconf 73' lang='lat' dir='ltr'>piaqurj</span> <span class='ocrx_word' id='word_1_716' title='bbox 1815 5035 1927 5096; x_wconf 62' lang='lat' dir='ltr'>oporte.</span> 
     </span>
     <span class='ocr_line' id='line_1_80' title="bbox 229 5081 1924 5186; baseline 0.017 -37"><span class='ocrx_word' id='word_1_717' title='bbox 229 5131 231 5135; x_wconf 90' lang='lat'>-</span> <span class='ocrx_word' id='word_1_718' title='bbox 278 5081 705 5168; x_wconf 61' lang='lat' dir='ltr'>Wadwiisswleiloesw</span> <span class='ocrx_word' id='word_1_719' title='bbox 718 5093 773 5140; x_wconf 61' lang='grc' dir='ltr'>Μ’</span> <span class='ocrx_word' id='word_1_720' title='bbox 793 5085 1076 5169; x_wconf 57' lang='lat' dir='ltr'>luviolumstrwim</span> <span class='ocrx_word' id='word_1_721' title='bbox 1125 5093 1189 5163; x_wconf 80' lang='lat' dir='ltr'>irat,</span> <span class='ocrx_word' id='word_1_722' title='bbox 1205 5095 1309 5154; x_wconf 89' lang='lat' dir='ltr'>utiliter</span> <span class='ocrx_word' id='word_1_723' title='bbox 1319 5100 1477 5172; x_wconf 79' lang='lat' dir='ltr'>providetur</span> <span class='ocrx_word' id='word_1_724' title='bbox 1490 5112 1517 5170; x_wconf 89' lang='lat' dir='ltr'>ut</span> <span class='ocrx_word' id='word_1_725' title='bbox 1528 5109 1668 5182; x_wconf 80' lang='lat' dir='ltr'>propheta</span> <span class='ocrx_word' id='word_1_726' title='bbox 1683 5112 1731 5170; x_wconf 91' lang='lat' dir='ltr'>illo</span> <span class='ocrx_word' id='word_1_727' title='bbox 1745 5114 1924 5186; x_wconf 84' lang='lat' dir='ltr'>descendant.</span> 
     </span>
     <span class='ocr_line' id='line_1_81' title="bbox 276 5174 1925 5283; baseline 0.014 -48"><span class='ocrx_word' id='word_1_728' title='bbox 276 5176 384 5235; x_wconf 71' lang='lat' dir='ltr'>irtirnt</span> <span class='ocrx_word' id='word_1_729' title='bbox 396 5177 520 5240; x_wconf 76' lang='lat' dir='ltr'>miseruut</span> <span class='ocrx_word' id='word_1_730' title='bbox 532 5174 679 5242; x_wconf 74' lang='lat' dir='ltr'>aarum</span> <span class='ocrx_word' id='word_1_731' title='bbox 689 5179 813 5252; x_wconf 73' lang='lat' dir='ltr'>aequat</span> <span class='ocrx_word' id='word_1_732' title='bbox 823 5180 996 5238; x_wconf 66' lang='lat' dir='ltr'>lateritiam.</span> <span class='ocrx_word' id='word_1_733' title='bbox 1018 5181 1075 5240; x_wconf 88' lang='lat' dir='ltr'>Cur</span> <span class='ocrx_word' id='word_1_734' title='bbox 1128 5186 1170 5245; x_wconf 86' lang='lat' dir='ltr'>&#39;l&#39;u</span> <span class='ocrx_word' id='word_1_735' title='bbox 1181 5203 1249 5248; x_wconf 83' lang='lat' dir='ltr'>uero</span> <span class='ocrx_word' id='word_1_736' title='bbox 1261 5191 1327 5260; x_wconf 90' lang='lat' dir='ltr'>mihi</span> <span class='ocrx_word' id='word_1_737' title='bbox 1345 5195 1502 5264; x_wconf 83' lang='lat' dir='ltr'>uptusideres</span> <span class='ocrx_word' id='word_1_738' title='bbox 1515 5201 1606 5282; x_wconf 76' lang='lat' dir='ltr'>veiim,</span> <span class='ocrx_word' id='word_1_739' title='bbox 1624 5207 1761 5271; x_wconf 84' lang='lat' dir='ltr'>nemiuem</span> <span class='ocrx_word' id='word_1_740' title='bbox 1777 5211 1925 5283; x_wconf 63' lang='lat' dir='ltr'>explano.</span> 
     </span>
     <span class='ocr_line' id='line_1_82' title="bbox 277 5271 1926 5376; baseline 0.018 -47"><span class='ocrx_word' id='word_1_741' title='bbox 277 5279 351 5330; x_wconf 84' lang='lat' dir='ltr'>tauta</span> <span class='ocrx_word' id='word_1_742' title='bbox 362 5271 470 5328; x_wconf 85' lang='lat' dir='ltr'>ciuitate</span> <span class='ocrx_word' id='word_1_743' title='bbox 481 5271 594 5333; x_wconf 78' lang='lat' dir='ltr'>rochum</span> <span class='ocrx_word' id='word_1_744' title='bbox 612 5271 761 5346; x_wconf 81' lang='lat' dir='ltr'>recipiente</span> <span class='ocrx_word' id='word_1_745' title='bbox 774 5289 829 5333; x_wconf 91' lang='lat' dir='ltr'>non</span> <span class='ocrx_word' id='word_1_746' title='bbox 843 5282 977 5333; x_wconf 86' lang='lat' dir='ltr'>reuemut</span> <span class='ocrx_word' id='word_1_747' title='bbox 1001 5274 1072 5355; x_wconf 82' lang='lat' dir='ltr'>ipsi,</span> <span class='ocrx_word' id='word_1_748' title='bbox 1126 5280 1201 5340; x_wconf 88' lang='lat' dir='ltr'>rihus</span> <span class='ocrx_word' id='word_1_749' title='bbox 1214 5283 1310 5344; x_wconf 89' lang='lat' dir='ltr'>horum</span> <span class='ocrx_word' id='word_1_750' title='bbox 1321 5285 1460 5348; x_wconf 84' lang='lat' dir='ltr'>doctorem</span> <span class='ocrx_word' id='word_1_751' title='bbox 1473 5289 1574 5360; x_wconf 83' lang='lat' dir='ltr'>luisse:</span> <span class='ocrx_word' id='word_1_752' title='bbox 1590 5295 1705 5370; x_wconf 74' lang='lat' dir='ltr'>Cyprios</span> <span class='ocrx_word' id='word_1_753' title='bbox 1719 5303 1791 5376; x_wconf 81' lang='lat' dir='ltr'>euim</span> <span class='ocrx_word' id='word_1_754' title='bbox 1802 5274 1926 5373; x_wconf 72' lang='lat' dir='ltr'>irahuere</span> 
     </span>
     <span class='ocr_line' id='line_1_83' title="bbox 277 5362 2031 5471; baseline 0.007 -50"><span class='ocrx_word' id='word_1_755' title='bbox 277 5362 490 5434; x_wconf 79' lang='lat' dir='ltr'>sedliarpairam</span> <span class='ocrx_word' id='word_1_756' title='bbox 514 5365 675 5435; x_wconf 74' lang='lat' dir='ltr'>miseranti</span> <span class='ocrx_word' id='word_1_757' title='bbox 698 5365 813 5450; x_wconf 84' lang='lat' dir='ltr'>Propter</span> <span class='ocrx_word' id='word_1_758' title='bbox 826 5366 945 5426; x_wconf 82' lang='lat' dir='ltr'>iudaeos.</span> <span class='ocrx_word' id='word_1_759' title='bbox 972 5368 1073 5444; x_wconf 71' lang='lat' dir='ltr'>lemur</span> <span class='ocrx_word' id='word_1_760' title='bbox 1127 5375 1263 5454; x_wconf 65' lang='lat' dir='ltr'>doctores,</span> <span class='ocrx_word' id='word_1_761' title='bbox 1277 5379 1422 5456; x_wconf 52' lang='lat' dir='ltr'>cymam</span> <span class='ocrx_word' id='word_1_762' title='bbox 1436 5395 1464 5460; x_wconf 56' lang='lat' dir='ltr'>qq</span> <span class='ocrx_word' id='word_1_763' title='bbox 1479 5371 1725 5470; x_wconf 49' lang='lat' dir='ltr'>paulumseqqmqq</span> <span class='ocrx_word' id='word_1_764' title='bbox 1740 5395 1860 5470; x_wconf 52' lang='lat' dir='ltr'>minos</span> <span class='ocrx_word' id='word_1_765' title='bbox 1874 5415 1925 5471; x_wconf 59' lang='lat' dir='ltr'>su,</span> <span class='ocrx_word' id='word_1_766' title='bbox 2030 5389 2031 5434; x_wconf 69' lang='grc' dir='ltr'>ι</span> 
     </span>
     <span class='ocr_line' id='line_1_84' title="bbox 276 5459 1925 5566; baseline 0.007 -50"><span class='ocrx_word' id='word_1_767' title='bbox 276 5473 330 5519; x_wconf 92' lang='lat' dir='ltr'>nou</span> <span class='ocrx_word' id='word_1_768' title='bbox 348 5471 432 5545; x_wconf 72' lang='lat' dir='ltr'>parra</span> <span class='ocrx_word' id='word_1_769' title='bbox 446 5459 664 5541; x_wconf 77' lang='lat' dir='ltr'>reslricqeritur,</span> <span class='ocrx_word' id='word_1_770' title='bbox 685 5461 750 5519; x_wconf 87' lang='lat' dir='ltr'>dum</span> <span class='ocrx_word' id='word_1_771' title='bbox 768 5461 808 5519; x_wconf 90' lang='lat' dir='ltr'>sie</span> <span class='ocrx_word' id='word_1_772' title='bbox 829 5463 928 5520; x_wconf 79' lang='lat' dir='ltr'>Patrius</span> <span class='ocrx_word' id='word_1_773' title='bbox 949 5466 1017 5535; x_wconf 76' lang='lat' dir='ltr'>istuc</span> <span class='ocrx_word' id='word_1_774' title='bbox 1029 5481 1074 5524; x_wconf 88' lang='lat' dir='ltr'>ae·</span> <span class='ocrx_word' id='word_1_775' title='bbox 1126 5476 1261 5548; x_wconf 73' lang='lat' dir='ltr'>peraperte</span> <span class='ocrx_word' id='word_1_776' title='bbox 1274 5475 1295 5556; x_wconf 60' lang='grc' dir='ltr'>)ν</span> <span class='ocrx_word' id='word_1_777' title='bbox 1311 5479 1382 5549; x_wconf 68' lang='lat' dir='ltr'>sjcqq</span> <span class='ocrx_word' id='word_1_778' title='bbox 1403 5481 1502 5553; x_wconf 62' lang='lat' dir='ltr'>pqupqq</span> <span class='ocrx_word' id='word_1_779' title='bbox 1522 5485 1648 5557; x_wconf 53' lang='lat' dir='ltr'>domm„</span> <span class='ocrx_word' id='word_1_780' title='bbox 1662 5489 1755 5564; x_wconf 54' lang='lat' dir='ltr'>habui,</span> <span class='ocrx_word' id='word_1_781' title='bbox 1769 5493 1925 5566; x_wconf 50' lang='lat' dir='ltr'>malm„</span> 
     </span>
     <span class='ocr_line' id='line_1_85' title="bbox 276 5547 2031 5658; baseline 0.006 -34"><span class='ocrx_word' id='word_1_782' title='bbox 276 5553 349 5612; x_wconf 78' lang='lat' dir='ltr'>secu</span> <span class='ocrx_word' id='word_1_783' title='bbox 364 5571 371 5609; x_wconf 73' lang='grc' dir='ltr'><em>τ</em></span> <span class='ocrx_word' id='word_1_784' title='bbox 388 5569 478 5638; x_wconf 78' lang='lat' dir='ltr'>aequa</span> <span class='ocrx_word' id='word_1_785' title='bbox 497 5553 557 5624; x_wconf 78' lang='lat' dir='ltr'>stne</span> <span class='ocrx_word' id='word_1_786' title='bbox 568 5556 728 5635; x_wconf 51' lang='lat' dir='ltr'>arsames</span> <span class='ocrx_word' id='word_1_787' title='bbox 739 5558 801 5616; x_wconf 76' lang='lat' dir='ltr'>cun</span> <span class='ocrx_word' id='word_1_788' title='bbox 815 5573 912 5630; x_wconf 75' lang='lat' dir='ltr'>maana</span> <span class='ocrx_word' id='word_1_789' title='bbox 925 5560 1072 5647; x_wconf 76' lang='lat' dir='ltr'>provtuen-</span> <span class='ocrx_word' id='word_1_790' title='bbox 1125 5569 1293 5631; x_wconf 81' lang='lat' dir='ltr'>cruuautam</span> <span class='ocrx_word' id='word_1_791' title='bbox 1306 5586 1315 5639; x_wconf 92' lang='lat'>;</span> <span class='ocrx_word' id='word_1_792' title='bbox 1328 5573 1376 5630; x_wconf 81' lang='lat' dir='ltr'>sat</span> <span class='ocrx_word' id='word_1_793' title='bbox 1390 5575 1530 5644; x_wconf 76' lang='lat' dir='ltr'>nihilique</span> <span class='ocrx_word' id='word_1_794' title='bbox 1545 5575 1697 5652; x_wconf 73' lang='lat' dir='ltr'>ntrrm&#39;ruu</span> <span class='ocrx_word' id='word_1_795' title='bbox 1714 5605 1720 5643; x_wconf 73' lang='grc' dir='ltr'>ι</span> <span class='ocrx_word' id='word_1_796' title='bbox 1745 5557 1863 5658; x_wconf 58' lang='lat' dir='ltr'>pampas</span> <span class='ocrx_word' id='word_1_797' title='bbox 1877 5599 1924 5654; x_wconf 69' lang='lat' dir='ltr'>q.</span> <span class='ocrx_word' id='word_1_798' title='bbox 2030 5547 2031 5610; x_wconf 82' lang='lat' dir='ltr'>i</span> 
     </span>
     <span class='ocr_line' id='line_1_86' title="bbox 276 5644 1923 5748; baseline 0.016 -45"><span class='ocrx_word' id='word_1_799' title='bbox 276 5647 314 5716; x_wconf 78' lang='lat' dir='ltr'>tia</span> <span class='ocrx_word' id='word_1_800' title='bbox 329 5647 404 5705; x_wconf 87' lang='lat' dir='ltr'>illum</span> <span class='ocrx_word' id='word_1_801' title='bbox 425 5658 595 5722; x_wconf 79' lang='lat' dir='ltr'>aversantur,</span> <span class='ocrx_word' id='word_1_802' title='bbox 609 5668 644 5710; x_wconf 91' lang='lat' dir='ltr'>ne</span> <span class='ocrx_word' id='word_1_803' title='bbox 657 5667 710 5710; x_wconf 80' lang='lat' dir='ltr'>ror</span> <span class='ocrx_word' id='word_1_804' title='bbox 735 5653 936 5725; x_wconf 77' lang='lat' dir='ltr'>predicationis</span> <span class='ocrx_word' id='word_1_805' title='bbox 953 5655 1072 5732; x_wconf 84' lang='lat' dir='ltr'>tubaque</span> <span class='ocrx_word' id='word_1_806' title='bbox 1127 5675 1189 5718; x_wconf 89' lang='lat' dir='ltr'>mea</span> <span class='ocrx_word' id='word_1_807' title='bbox 1202 5673 1229 5720; x_wconf 88' lang='lat' dir='ltr'>et</span> <span class='ocrx_word' id='word_1_808' title='bbox 1243 5663 1389 5725; x_wconf 87' lang='lat' dir='ltr'>Christum.</span> <span class='ocrx_word' id='word_1_809' title='bbox 1403 5669 1450 5728; x_wconf 78' lang='lat'>28.</span> <span class='ocrx_word' id='word_1_810' title='bbox 1477 5671 1591 5746; x_wconf 78' lang='lat' dir='ltr'>Serpens</span> <span class='ocrx_word' id='word_1_811' title='bbox 1603 5644 1687 5738; x_wconf 62' lang='lat' dir='ltr'>amera</span> <span class='ocrx_word' id='word_1_812' title='bbox 1699 5697 1765 5741; x_wconf 65' lang='lat' dir='ltr'>uum</span> <span class='ocrx_word' id='word_1_813' title='bbox 1777 5699 1809 5748; x_wconf 53' lang='grc' dir='ltr'><strong>μ</strong></span> <span class='ocrx_word' id='word_1_814' title='bbox 1822 5684 1859 5741; x_wconf 61' lang='grc' dir='ltr'>α’,</span> <span class='ocrx_word' id='word_1_815' title='bbox 1871 5702 1923 5748; x_wconf 62' lang='grc' dir='ltr'>μ.</span> 
     </span>
     <span class='ocr_line' id='line_1_87' title="bbox 276 5738 1925 5848; baseline 0.023 -52"><span class='ocrx_word' id='word_1_816' title='bbox 276 5739 404 5808; x_wconf 65' lang='lat' dir='ltr'>culorum</span> <span class='ocrx_word' id='word_1_817' title='bbox 416 5738 591 5818; x_wconf 74' lang='lat' dir='ltr'>ierosolymae</span> <span class='ocrx_word' id='word_1_818' title='bbox 602 5744 796 5812; x_wconf 82' lang='lat' dir='ltr'>includeretur.</span> <span class='ocrx_word' id='word_1_819' title='bbox 813 5746 921 5822; x_wconf 78' lang='lat' dir='ltr'>Vltlen&#39;,</span> <span class='ocrx_word' id='word_1_820' title='bbox 935 5753 1073 5826; x_wconf 86' lang='lat' dir='ltr'>quumutlu</span> <span class='ocrx_word' id='word_1_821' title='bbox 1124 5755 1192 5810; x_wconf 79' lang='lat' dir='ltr'>miae</span> <span class='ocrx_word' id='word_1_822' title='bbox 1207 5755 1317 5834; x_wconf 74' lang='lat' dir='ltr'>epatu,</span> <span class='ocrx_word' id='word_1_823' title='bbox 1330 5761 1490 5838; x_wconf 68' lang='lat' dir='ltr'>reprimentia</span> <span class='ocrx_word' id='word_1_824' title='bbox 1498 5770 1594 5840; x_wconf 74' lang='lat' dir='ltr'>saturem</span> <span class='ocrx_word' id='word_1_825' title='bbox 1618 5787 1736 5845; x_wconf 76' lang='lat' dir='ltr'>tracquata</span> <span class='ocrx_word' id='word_1_826' title='bbox 1756 5779 1871 5848; x_wconf 53' lang='lat' dir='ltr'>&amp;turpat</span> <span class='ocrx_word' id='word_1_827' title='bbox 1896 5782 1925 5840; x_wconf 75' lang='grc' dir='ltr'>ιιι</span> 
     </span>
     <span class='ocr_line' id='line_1_88' title="bbox 279 5829 1924 5932; baseline 0.027 -45"><span class='ocrx_word' id='word_1_828' title='bbox 279 5829 378 5911; x_wconf 81' lang='lat' dir='ltr'>ubique</span> <span class='ocrx_word' id='word_1_829' title='bbox 390 5832 491 5889; x_wconf 88' lang='lat' dir='ltr'>malitia</span> <span class='ocrx_word' id='word_1_830' title='bbox 514 5849 619 5908; x_wconf 86' lang='lat' dir='ltr'>corum,</span> <span class='ocrx_word' id='word_1_831' title='bbox 635 5847 666 5896; x_wconf 93' lang='lat' dir='ltr'>ut</span> <span class='ocrx_word' id='word_1_832' title='bbox 683 5854 752 5911; x_wconf 85' lang='lat' dir='ltr'>opus</span> <span class='ocrx_word' id='word_1_833' title='bbox 762 5850 833 5910; x_wconf 68' lang='lat' dir='ltr'>mat,</span> <span class='ocrx_word' id='word_1_834' title='bbox 846 5851 875 5902; x_wconf 92' lang='lat' dir='ltr'>et</span> <span class='ocrx_word' id='word_1_835' title='bbox 885 5845 983 5918; x_wconf 86' lang='lat' dir='ltr'>utipte</span> <span class='ocrx_word' id='word_1_836' title='bbox 994 5848 1071 5907; x_wconf 87' lang='lat' dir='ltr'>role·</span> <span class='ocrx_word' id='word_1_837' title='bbox 1125 5852 1241 5909; x_wconf 82' lang='lat' dir='ltr'>auiurrre</span> <span class='ocrx_word' id='word_1_838' title='bbox 1259 5853 1329 5926; x_wconf 79' lang='lat' dir='ltr'>orie,</span> <span class='ocrx_word' id='word_1_839' title='bbox 1349 5873 1406 5927; x_wconf 79' lang='lat' dir='ltr'>qrtre</span> <span class='ocrx_word' id='word_1_840' title='bbox 1420 5861 1491 5932; x_wconf 75' lang='lat' dir='ltr'>[ueta</span> <span class='ocrx_word' id='word_1_841' title='bbox 1504 5863 1599 5920; x_wconf 75' lang='lat' dir='ltr'>estrei</span> <span class='ocrx_word' id='word_1_842' title='bbox 1613 5865 1723 5926; x_wconf 76' lang='lat' dir='ltr'>Cicutio</span> <span class='ocrx_word' id='word_1_843' title='bbox 1741 5869 1850 5930; x_wconf 78' lang='lat' dir='ltr'>Coraca.</span> <span class='ocrx_word' id='word_1_844' title='bbox 1866 5873 1924 5931; x_wconf 84' lang='lat' dir='ltr'>lic·</span> 
     </span>
    </p>
   </div>
   <div class='ocr_carea' id='block_1_16' title="bbox 0 0 2046 6343">
    <p class='ocr_par' dir='ltr' id='par_1_17' title="bbox 0 0 2046 6343">
     <span class='ocr_line' id='line_1_89' title="bbox 0 0 2046 6343; baseline 0 0"><span class='ocrx_word' id='word_1_845' title='bbox 0 0 2046 6343; x_wconf 95' lang='lat' dir='ltr'> </span> 
     </span>
    </p>
   </div>
  </div>
 </body>
</html>
