4084 6350
182 252 341 345 'em
642 231 1563 348 mmmmfflmmmmmmmmm
1878 269 1933 332 m

216 405 220 412 ’
283 387 399 460 decipit?
413 385 512 454 Etiam,
524 383 607 442 dices.
621 381 684 440 ideo
697 397 761 454 ergo
773 381 858 452 magis
870 379 951 435 debet
960 377 994 436 ad
1008 393 1083 434 corn·
1137 378 1183 432 tint
1202 377 1285 432 solent
1301 379 1364 434 oriri
1380 389 1457 436 curet
1472 379 1578 453 (Ilattia.
1590 381 1618 438 i.
1633 383 1708 458 ti),
1732 397 1760 446 er
1780 401 1861 447 omne
1884 392 1931 449 qqp

283 481 483 540 miserationem
505 492 632 541 morere,
653 474 714 531 ideo
736 475 851 530 manime
872 489 904 530 es
923 472 1083 530 necessitate
1135 479 1318 526 creaturarum
1333 471 1510 546 ministerium
1527 473 1659 544 praebeam
1674 487 1931 544 tuveronerestem

284 573 419 632 eruendus
432 581 485 628 est.
497 570 526 627 Si
538 583 602 626 vero
617 567 682 650 dare
696 566 775 635 nolis,
790 567 883 623 saltem
898 581 933 622 ne
946 573 1084 622 contume-
1135 563 1242 636 quidem
1254 564 1302 622 des
1315 565 1376 636 ipsi,
1389 583 1475 639 neque
1488 568 1574 639 ipsum
1590 571 1651 626 teeti
1665 583 1817 633 censorem
1831 577 1934 636 facim

284 667 348 724 liam
363 665 462 722 inieras
476 681 483 720 :
496 663 518 720 si
533 663 604 719 nolis
616 678 650 720 ox
665 652 803 733 naufragio
815 660 930 731 eripere,
943 675 978 715 ne
992 659 1084 730 impel-
1136 654 1170 710 Et
1186 656 1249 726 quid
1267 656 1327 714 dico
1346 658 1431 714 solem
1446 669 1473 716 et
1491 663 1662 717 creaturam?
1676 665 1780 738 Corpus
1792 669 1839 726 qtq
1854 686 1933 728 snum

284 758 325 818 tas
345 760 373 816 in
395 756 562 814 barathrum.
577 753 678 812 'Iecum
694 764 809 826 reputa,
830 766 891 808 cum
909 744 1081 808 accedentem
1135 747 1228 815 dedit,
1249 759 1276 806 et
1298 751 1454 823 sanquinem
1476 755 1641 825 pretiosum
1657 767 1685 813 tu
1705 775 1769 817 rero
1787 777 1822 819 ne
1840 774 1933 836 potum
2016 743 2017 746 Ἴ

283 851 414 926 repellis,
428 849 491 923 quid
511 849 594 906 ῠειιιιι
617 847 737 918 rogando
751 847 942 918 impetraturus
960 844 1007 899 sis.
1025 844 1083 911 Qec
1137 842 1245 914 quidem
1260 843 1297 900 iili
1310 845 1434 916 prebes-i
1448 848 1482 901 dt
1494 848 1577 904 semel
1592 849 1706 908 dedisti'.l
1717 851 1815 911 Verum
1828 872 1881 914 uon
1892 869 1935 914 cst

282 947 352 1003 enim
369 959 507 1010 namra,
520 940 623 1014 lnquit;
637 940 718 996 meteri
729 939 829 1013 fueritis
840 979 847 1004 ,
857 939 1002 994 remetietur
1014 935 1083 993 eolre
1136 933 1187 991 lroo
1209 937 1391 994 misericordia
1405 955 1412 992 ι
1426 939 1513 996 donec
1530 943 1602 998 enim
1621 941 1724 1002 habens
1741 963 1795 1004 non
1813 949 1932 1018 dederis,

284 1037 402 1114 (liettlr.
416 1038 442 1093 l.
456 1033 504 1110 Ξ).
523 1031 618 1106 Cogita
636 1031 772 1106 quomodo
786 1031 832 1086 ille
845 1031 968 1101 repulsus
982 1029 1081 1100 abeat,
1135 1028 1254 1086 nondum
1270 1041 1355 1088 toturn
1370 1032 1524 1104 implevisti.
1538 1034 1605 1092 Nam
1622 1037 1738 1110 uirgines
1751 1057 1811 1114 quae
1829 1043 1933 1116 lampa·

284 1146 370 1206 prono
382 1130 486 1203 capite,
500 1129 612 1202 lugens,
629 1125 794 1200 paupertatis
809 1125 888 1182 simui
901 1134 929 1180 et
941 1133 1082 1182 contume-
1136 1122 1185 1180 des
1197 1123 1342 1193 habebant,
1356 1127 1444 1186 oleum
1458 1125 1720 1202 quoque'lrabelrant,
1732 1137 1780 1194 sed
1791 1153 1846 1194 non
1856 1139 1932 1196 strid-

284 1227 328 1288 152
338 1226 438 1283 vulnus
457 1222 588 1284 reterens.
608 1220 675 1278 liam
695 1221 718 1277 si
737 1219 894 1276 mendicare
910 1215 1082 1274 maledictum
1134 1213 1218 1272 ciens.
1231 1214 1396 1290 Oportebat,
1410 1221 1433 1276 si
1449 1221 1594 1290 tuadares,
1610 1241 1662 1280 non
1677 1227 1713 1283 ita
1726 1244 1837 1300 parcum
1847 1247 1932 1289 esse:
2016 1239 2017 1250 ¹

283 1317 550 1392 putatis,petentem
566 1303 619 1370 non
634 1311 776 1384 accipere,
793 1319 822 1367 et
837 1307 1082 1365 cumcontumeliis
1135 1325 1206 1366 nuno
1218 1325 1283 1367 rero
1297 1327 1474 1386 cumeaquee
1487 1315 1594 1374 Domini
1608 1330 1671 1376 sunt
1683 1321 1799 1396 largiris,
1816 1340 1866 1382 cur
1879 1335 1933 1384 tarn
2016 1345 2017 1350 ¹

283 1410 433 1491 discedere,
446 1409 534 1481 cogita
546 1415 672 1479 quantam
686 1405 786 1462 excitet
798 1410 994 1474 tempestatem.
1008 1400 1082 1470 Quo·
1099 1463 1105 1472 ¹
1135 1411 1214 1458 tenax
1229 1403 1279 1460 esi
1294 1403 1417 1462 vultisne
1431 1407 1518 1464 dicam
1533 1417 1613 1466 tarttae
1626 1426 1734 1469 causam
1751 1415 1933 1474 Inhumanita.

284 1517 369 1574 usque
390 1501 455 1559 feris
475 1493 578 1567 sir'niles
597 1501 717 1564 erimus,
736 1507 765 1554 et
785 1506 907 1553 naturam
926 1495 1012 1567 ipsam
1033 1509 1083 1566 per
1135 1495 1189 1550 tisl
1203 1494 1235 1552 IIi
1250 1496 1294 1568 qui
1309 1511 1358 1572 pur
1370 1499 1510 1556 avaritiam
1526 1501 1670 1575 eolligunt,
1684 1505 1716 1560 ad
1733 1507 1933 1582 eleemosynam

283 1595 424 1652 avaritiam
435 1590 638 1666 ignorabimus?
653 1589 727 1645 liulti
739 1588 773 1645 de
788 1587 830 1644 lris
844 1587 1023 1660 ingemiscunt
1034 1604 1041 1641 :
1054 1593 1082 1643 at
1135 1596 1198 1642 sunt
1212 1587 1297 1660 pigri:
1311 1603 1372 1644 narn
1386 1591 1431 1660 qui
1443 1591 1480 1647 ita
1495 1592 1591 1650 lucrari
1604 1589 1708 1663 didicit,
1721 1599 1873 1670 expendere
1888 1617 1933 1658 ne.

286 1690 416 1746 rolonon
433 1702 505 1744 nunc
523 1693 644 1750 tantum,
659 1683 706 1740 sed
721 1695 828 1753 semper
841 1679 911 1736 hane
925 1679 1081 1737 misericor·
1135 1679 1195 1734 scit.
1212 1679 1352 1748 Quomodo
1364 1682 1435 1739 eninr
1449 1683 1488 1740 sic
1502 1683 1535 1740 ad
1549 1687 1669 1758 rapinam
1686 1699 1805 1760 paratus,
1821 1695 1933 1750 adcon·
2016 1731 2017 1736 κ

285 1783 357 1840 diarn
371 1780 504 1838 obtinere.
518 1777 611 1850 Cogita
625 1775 690 1832 milti
702 1775 773 1831 diem
787 1774 872 1838 illam,
886 1787 938 1847 qua
952 1771 1083 1829 stabimus
1135 1772 1247 1828 tranium
1258 1786 1289 1830 se
1299 1765 1536 1850 courciteritiqui
1547 1777 1633 1834 aliena
1644 1781 1723 1854 rapit,
1736 1785 1872 1855 quomodo
1882 1799 1930 1843 sua
2016 1853 2017 1862 ἶ

284 1886 347 1933 ante
358 1872 473 1930 tribunal
482 1869 581 1929 Christi
591 1887 598 1924 :
608 1867 716 1942 quando
725 1865 937 1923 misericordiam
948 1874 1082 1936 petemus,
1135 1861 1180 1918 alii
1192 1863 1286 1920 dabit?
1299 1865 1406 1923 Etenim
1418 1867 1493 1924 canis
1507 1869 1551 1941 qui
1566 1871 1691 1928 carnibus
1704 1877 1774 1932 resci
1792 1879 1930 1946 assuerit,

284 1979 312 2028 et
327 1970 354 2025 in
367 1966 485 2024 medium
498 1963 629 2050 adductos
646 1961 769 2020 Christus
781 1959 821 2016 sic
835 1959 986 2042 alloquetur
997 1958 1083 2015 :Pro-
1104 1949 1107 1956 ’
1135 1969 1187 2011 non
1203 1956 1271 2012 ultra
1291 1967 1380 2028 potest
1394 1975 1501 2034 gregem
1517 1963 1652 2020 custodire
1665 1955 1745 2024 :ideo
1757 1983 1805 2026 eos
1820 1973 1864 2043 qui
1880 1972 1931 2028 teu.

285 2070 346 2133 pter
360 2073 456 2132 pauent
470 2071 553 2113 unum
562 2097 570 2122 ,
580 2062 628 2110 aut
641 2068 723 2109 trnum
735 2052 863 2120 obolum,
877 2058 977 2106 tantam
991 2050 1017 2106 ln
1033 2051 1083 2106 lto·
1132 2049 1249 2122 jusmodi
1271 2063 1333 2109 sunt
1354 2065 1475 2125 pastores
1494 2067 1623 2114 mactant.
1644 2060 1772 2130 Quodne
1786 2080 1836 2121 nos
1850 2066 1931 2124 etiam

284 2169 345 2213 rum
367 2151 464 2209 animis
485 2147 609 2206 excitatis
629 2153 833 2227 tempestatem:
855 2143 918 2215 quid
939 2143 1082 2202 dicemus?
1134 2144 1360 2213 patiamur,atali
1370 2147 1430 2203 cibo
1438 2147 1631 2210 abstineamus.
1640 2151 1710 2209 Nam
1718 2153 1879 2214 inicornibus
1887 2176 1930 2216 re·
2016 2147 2017 2210 l

283 2262 364 2322 quant
385 2243 569 2302 defensionem
590 2238 754 2297 ederemus?
772 2235 848 2306 Quod
868 2237 940 2293 enim
960 2237 1034 2308 ipsos
1053 2235 1082 2292 iu
1106 2304 1108 2310 Ι
1134 2243 1254 2302 mentor,
1268 2235 1311 2309 qui
1326 2251 1373 2308 per
1385 2237 1483 2296 tarnem
1498 2250 1612 2300 mortem
1627 2242 1766 2303 inducunt.
1780 2247 1839 2304 Non
1856 2251 1930 2307 uides

283 2339 401 2400 taedium
413 2335 578 2392 adducturus
591 2331 636 2400 sit,
647 2330 708 2387 audi
722 2345 755 2386 ex
769 2329 828 2400 ejus
840 2329 928 2385 verbis
941 2326 993 2384 :ln
1002 2345 1082 2402 quna-
1104 2329 1107 2336 '
1133 2325 1268 2397 utromodo
1278 2327 1367 2384 omnia
1378 2331 1530 2388 eommunia
1543 2333 1619 2390 nobis
1629 2333 1702 2392 licus
1715 2340 1855 2407 penntsitt
1865 2340 1932 2398 rtem
2016 2339 2017 2396 Τ

251 2421 256 2428 ’
283 2447 337 2492 turn
350 2451 402 2494 non
418 2431 512 2506 [xistis
528 2431 572 2486 eni
583 2435 617 2485 'ee
629 2428 684 2496 ltir,
698 2443 778 2498 ιιεειιε
789 2426 852 2481 milti
865 2425 960 2498 sensns
971 2423 1079 2499 (lienis.
1101 2409 1104 2414 ’

207 5382 210 5389 ’
313 5393 347 5447 rit
358 5408 402 5448 cor
415 5400 536 5448 eeatmnt.

252 2512 1079 2604 {mmmmmwmmmmmm,

252 2607 256 2616 ¹
281 2625 330 2684 sed
349 2625 420 2682 Ileus
439 2637 488 2697 pro
500 2619 554 2675 iliis
568 2633 618 2674 nos
638 2624 774 2689 coarguet.
790 2613 858 2670 iiam
871 2612 1003 2670 Lazarum
1017 2611 1080 2686 qni·

253 2710 255 2717 ‘
282 2718 343 2775 dern
357 2715 433 2774 diros
447 2712 523 2781 sidit,
538 2710 708 2781 Lamnusque
722 2706 788 2766 nilril
803 2706 829 2762 ei
841 2705 916 2772 dicit,
931 2703 978 2760 sed
993 2702 1080 2762 Abra·

251 2795 255 2800 ’
284 2811 347 2868 Iram
359 2825 409 2882 pro
422 2823 456 2864 eo
468 2808 593 2879 loquutus
606 2813 658 2862 est.
674 2802 720 2859 Sic
733 2810 760 2858 ct
779 2800 940 2874 pauperibus
954 2798 1077 2868 eveniet,
1095 2797 1102 2808 “’

250 2888 255 2963 f
280 2906 328 2978 qui
347 2918 418 2962 nunc
429 2918 445 2958 a
458 2903 538 2960 uobis
551 2906 724 2975 spernuntur.
741 2895 800 2953 Non
815 2896 888 2953 enim
901 2909 1012 2952 manum
1026 2909 1079 2952 ex·

186 3060 192 3068 „
223 2989 236 3005 ”
284 2997 426 3055 tendentes
439 2993 609 3061 ridebimus,
628 2992 728 3046 misero
746 2989 858 3057 lralritu,
872 2987 922 3045 sed
940 2990 967 3051 in
986 2988 1080 3060 requie

176 3108 180 3117 ’
247 3130 254 3168 :
281 3091 450 3150 constitutos.
464 3086 519 3143 Nos
539 3093 629 3142 autem
648 3084 754 3140 illorum
774 3082 893 3154 speciem
911 3090 941 3139 et
958 3080 1078 3139 habitum

280 3185 422 3245 induemus
436 3192 536 3253 :atque
549 3180 650 3254 uenam
663 3179 751 3235 solum
765 3177 905 3245 habitum,
920 3193 989 3244 nee,
1004 3176 1078 3248 quod

250 3254 254 3262 ⁴
280 3279 366 3337 mutto
383 3277 492 3350 granius
510 3276 581 3340 erit,
602 3272 774 3344 supplicium.
795 3270 888 3341 Neque
907 3270 981 3329 enim
1003 3269 1078 3327 diues

280 3374 326 3430 iiie
339 3371 374 3428 do
391 3370 470 3427 micis
483 3367 597 3430 saturari
614 3364 738 3437 cupiebat
753 3363 811 3433 liti,
827 3365 874 3420 sed
888 3364 1039 3422 torrelmtur
1051 3374 1079 3423 et

248 3517 254 3524 .
280 3467 398 3541 grauiter
418 3464 604 3528 cruciatuum
628 3471 656 3518 et
674 3460 775 3519 audiuit
790 3478 797 3515 :
812 3459 941 3532 Recepieti
962 3461 1029 3516 iona
1052 3460 1079 3516 in

281 3560 334 3615 rita
347 3568 402 3624 tate,
414 3567 438 3613 et
450 3555 565 3613 eamme
577 3554 646 3609 ιιιιιι
658 3552 734 3620 (Lae.
747 3553 791 3609 to.
803 3550 862 3623 25).
876 3552 917 3608 Ne
928 3552 1079 3624 igitur'ma·
1100 3586 1107 3630 .'

281 3666 365 3724 mour
380 3648 517 3722 quidpiam
531 3661 593 3710 esse
609 3643 716 3700 diuitias
729 3643 923 3701 existimemus.
939 3643 986 3701 ile
1000 3658 1078 3701 narn·

282 3734 337 3813 qo'e
351 3739 476 3798 uiaticum
490 3736 525 3793 ad
542 3735 702 3808 suppliciunt
720 3736 799 3792 nobis
813 3744 906 3802 erunt,
921 3735 972 3792 nisi
989 3744 1079 3792 atten-
1097 3796 1101 3801 ,

250 3884 256 3891 .
281 3833 399 3899 damase
412 3841 562 3895 utcontra,
577 3831 600 3886 si
613 3828 804 3902 attendamus,
818 3838 961 3900 paupertas
972 3828 1078 3885 addita-

249 3967 252 3976 .
282 3934 402 3986 utentum
413 3923 492 3980 nolis
502 3923 554 3979 erit
564 3921 721 4003 deliciarum
731 3933 759 3979 et
768 3922 876 3994 quietis.
889 3920 956 3979 Nam
968 3932 1079 3993 peccata

246 4072 250 4082 ,
281 4019 459 4091 abstergimus
467 4018 491 4075 si
502 4017 570 4074 hanc
580 4032 641 4073 cum
651 4016 796 4088 gratiarum
806 4016 912 4073 actione
920 4016 1078 4087 toleremus,

280 4121 310 4173 et
325 4126 449 4184 magnam
461 4109 532 4181 apud
546 4109 630 4167 Deurn
642 4109 807 4179 acquirimus
818 4108 953 4166 Iiduciam.

245 4243 248 4253 .
316 4206 345 4266 5.
365 4204 404 4260 ile
422 4216 488 4274 erqo
510 4216 618 4272 sceqer
639 4202 761 4271 requiem
782 4216 954 4272 queramus,
975 4213 1004 4258 ut
1024 4202 1079 4260 iilic

245 4331 253 4369 4
281 4296 374 4370 requie
387 4294 524 4360 fruamur:
535 4293 584 4353 esti
599 4309 647 4367 pro
660 4295 759 4349 virtute
771 4293 878 4351 iabores
889 4295 1078 4366 suscipiamus,

281 4388 416 4461 superitur
428 4399 594 4451 reseoetnus,
606 4394 635 4441 et
647 4384 714 4441 ntlril
727 4385 842 4457 amplius
852 4400 1016 4455 quaeramus,
1030 4386 1079 4445 sed
1098 4458 1101 4463 Ι

280 4484 308 4539 in
322 4496 454 4553 pauperes
462 4480 553 4537 omnia
564 4490 656 4538 nostra
667 4479 847 4538 motura-os.
859 4478 988 4548 Quaenam
1001 4481 1079 4538 nobis

279 4574 333 4633 erit
344 4572 506 4638 excusatio,
520 4571 628 4644 quando
642 4572 701 4643 ipse
714 4573 793 4631 notis
809 4574 906 4631 celum
925 4576 1078 4646 promittit,

247 4729 251 4736 ,
280 4683 331 4725 tros
353 4674 444 4724 autem
462 4681 550 4738 neque
569 4680 666 4737 ponem
685 4665 737 4737 ipsi
755 4666 926 4738 prebemus?
940 4682 1001 4725 eum
1018 4669 1079 4741 ipse
1098 4740 1101 4745 ἱ

873 4868 876 4874 ’
927 4871 1105 4937 flotttua

277 5003 342 5076 Car.
360 5015 403 5075 tt.
423 5033 451 5074 r.
465 5016 493 5074 5.
517 5013 580 5071 lice
598 5015 682 5071 oetam
704 5012 737 5069 at
756 5013 829 5069 initio
850 5014 920 5070 neiis
941 5031 992 5072 non
1005 5014 1077 5081 diei,

1133 2418 1157 2473 si
1170 2433 1304 2492 pauperes
1313 2435 1373 2478 esse
1385 2423 1515 2494 pemrisit,
1527 2424 1553 2480 id
1568 2426 1595 2481 iu
1607 2425 1719 2482 dit-itum
1732 2432 1844 2500 gratiam
1856 2431 1930 2500 lecit,
2016 2403 2017 2438 ³

1134 2519 1162 2566 ut
1176 2519 1284 2590 possent
1303 2527 1352 2586 per
1373 2513 1570 2589 eleemosynam
1592 2528 1701 2590 peccata
1723 2521 1869 2594 deponere.
1890 2525 1931 2582 'Iu
1963 2560 1971 2574 ι
2016 2523 2017 2580 l

1132 2618 1198 2659 voro
1211 2603 1261 2661 itae
1274 2605 1300 2660 in
1316 2621 1345 2662 re
1358 2607 1475 2666 crudelis
1485 2617 1512 2665 et
1528 2609 1688 2668 inhumanus
1701 2629 1740 2670 es.
1757 2613 1833 2672 Unde
1845 2617 1931 2691 liquet

1133 2705 1169 2764 te,
1182 2699 1203 2754 si
1218 2699 1244 2756 in
1254 2699 1403 2770 maioribus
1415 2701 1485 2759 hanc
1497 2703 1611 2762 Irabercs
1626 2715 1795 2778 potestatem,
1808 2712 1930 2770 innume·
2016 2715 2017 2732 ¹

1133 2804 1177 2845 ras
1194 2791 1372 2850 admissumm
1389 2794 1498 2865 cedes,
1516 2807 1543 2853 et
1557 2799 1643 2856 lucent
1658 2801 1791 2876 vitantque
1806 2807 1932 2866 ominibus
2016 2831 2017 2850 ι

1133 2881 1337 2942 interclusurum
1360 2886 1453 2946 luisse.
1474 2889 1550 2959 Quod
1570 2907 1605 2949 ne
1624 2892 1720 2960 iteret,
1737 2897 1930 2958 insatiabilitati

1132 2981 1178 3039 tali
1189 2979 1259 3036 riam
1271 2982 1402 3051 praecidit.
1416 2983 1492 3054 Qtrod
1506 2985 1529 3041 si
1543 2985 1602 3043 Itee
1610 2988 1748 3062 audientes
1758 3007 1830 3064 egre
1842 2993 1928 3064 fertis,

1131 3073 1310 3146 multomagis
1321 3090 1382 3147 eqo,
1395 3077 1438 3148 qui
1451 3077 1510 3134 haee
1521 3077 1633 3136 rideam
1648 3085 1793 3158 Quousque
1804 3096 1830 3142 tu
1841 3087 1928 3156 dines,
2016 3081 2017 3086 ’

1132 3167 1176 3223 ille
1197 3182 1299 3239 pauper
1318 3168 1387 3226 criti
1402 3168 1493 3243 Usque
1512 3171 1545 3229 ad
1568 3188 1707 3245 vesperam
1722 3192 1729 3230 ε
1744 3177 1854 3235 ulterius
1873 3196 1928 3237 non

1131 3260 1203 3317 licet.
1221 3261 1296 3318 Ideo
1309 3261 1380 3339 enlm
1396 3262 1485 3319 brevis
1498 3274 1540 3320 est
1554 3266 1621 3335 rita,
1637 3276 1664 3323 et
1678 3267 1833 3345 emeliniam
1848 3272 1875 3327 in
1886 3273 1930 3345 ιε.
2016 3316 2017 3321 ,

1132 3354 1192 3409 nuIs
1213 3365 1292 3423 sunt,
1313 3362 1343 3411 ιιι
1361 3354 1450 3413 brevis
1470 3358 1535 3413 liora
1556 3360 1842 3420 omitiaaexistimanda
1861 3366 1928 3423 slat.
2016 3420 2017 3441 ,

1131 3446 1199 3517 Quid
1219 3449 1266 3504 tilii
1281 3463 1350 3519 opus
1364 3458 1406 3507 est
1425 3451 1592 3509 redundante
1606 3469 1676 3526 peno
1688 3495 1697 3522 ,
1710 3458 1774 3529 quid
1788 3473 1929 3519 serrorum

1132 3548 1159 3595 et
1179 3539 1394 3613 dispensatorum
1416 3545 1516 3616 grege?
1535 3559 1585 3603 cur
1605 3560 1658 3603 non
1682 3548 1770 3617 potius
1791 3549 1837 3607 titt
1855 3553 1930 3610 mille

1132 3633 1838 3707 eleemosynaepreconcscomparaslPeuusnullam
1849 3646 1931 3703 unit·
2016 3680 2017 3719 q

1132 3727 1164 3781 tit
1176 3742 1269 3783 vocent
1282 3769 1290 3795 ,
1305 3727 1352 3783 sed
1367 3728 1440 3787 iures
1457 3732 1555 3789 multos
1569 3732 1650 3790 allicit
1664 3753 1671 3789 :
1684 3750 1768 3807 penus
1783 3752 1847 3793 roro
1863 3754 1931 3809 patr-
2016 3720 2017 3777 I

1131 3833 1224 3890 perum
1246 3818 1279 3911 qd
1300 3820 1384 3877 [lcum
1405 3822 1492 3893 ipsum
1515 3824 1654 3895 ascendit,
1671 3836 1829 3898 presentem
1847 3830 1929 3887 vitam

1132 3912 1220 3969 reddit
1233 3927 1361 3981 sterent,
1376 3916 1520 3987 omniaque
1533 3916 1618 3974 solvet
1631 3928 1757 3989 peecata,
1771 3936 1803 3977 nc
1813 3921 1926 3991 gloriam

1132 4007 1201 4080 apud
1216 4008 1309 4076 licum,
1321 4006 1450 4063 honorem
1461 4008 1532 4081 apud
1545 4008 1667 4066 homines
1679 4011 1785 4069 sileret,
1796 4012 1849 4089 Cur
1862 4028 1929 4085 ergo

1087 4164 1089 4169 Ι
1132 4101 1180 4157 tibi
1195 4110 1234 4157 tot
1252 4101 1321 4157 bona
1344 4101 1468 4157 insidosi
1481 4101 1541 4158 Tibi
1560 4102 1631 4159 euim
1652 4104 1731 4178 lotrge
1749 4107 1833 4179 magis
1846 4122 1928 4179 quarn
2016 4134 2017 4155 ι

1132 4194 1293 4267 pauperibus
1316 4193 1476 4251 barrensium
1501 4192 1612 4265 prestus
1626 4213 1633 4251 :
1649 4196 1701 4252 illis
1721 4212 1837 4271 namque
1854 4213 1929 4269 prar-

1131 4287 1216 4355 suntia
1229 4286 1350 4358 largiris;
1368 4285 1415 4342 tibi
1430 4300 1495 4342 vcro
1507 4272 1623 4342 luteram
1637 4287 1749 4359 glorians
1761 4299 1789 4345 ct
1804 4290 1928 4347 tiduciatu

1132 4394 1245 4451 apparas
1258 4396 1265 4432 ε
1277 4393 1357 4451 quum
1372 4392 1422 4433 nos
1436 4392 1532 4435 omnes
1548 4382 1648 4435 utinam
1664 4395 1854 4453 assequamur,
1868 4398 1930 4456 qra-

1132 4472 1168 4528 tia
1181 4483 1208 4530 et
1222 4472 1385 4545 benignitate
1397 4470 1502 4527 Domini
1516 4472 1600 4527 nostri
1613 4470 1676 4529 iesu
1690 4472 1800 4542 Christi,
1814 4475 1857 4531 cui
1869 4476 1929 4549 glu-

1132 4565 1171 4621 ria
1185 4571 1212 4621 et
1225 4563 1366 4637 irnperIum
1382 4564 1407 4621 iu
1422 4562 1530 4621 saecula.
1546 4564 1642 4621 druco.
1909 4562 1910 4565 ’

1734 4810 1920 4829 m—

1128 4870 1303 4933 LXXVIII.

1133 5012 1255 5069 utilitatis
1269 5010 1359 5067 habet.
1376 5010 1443 5066 Nam
1458 5026 1519 5069 curn
1543 5026 1685 5084 peccamus
1695 5012 1738 5068 rel
1750 5026 1799 5070 nos
1809 5012 1850 5067 vel
1862 5010 1926 5080 alii,

247 5108 250 5118 '
313 5111 512 5183 maraliscam
527 5124 606 5164 eom.
627 5105 706 5164 Nune
721 5107 805 5163 alitent
822 5106 888 5163 eodo
908 5106 944 5162 cd
962 5123 1019 5162 estu
1035 5114 1079 5181 qut
1133 5115 1195 5162 tunc
1208 5103 1295 5159 solum
1311 5103 1417 5159 tristitia
1430 5102 1528 5160 bonum
1540 5112 1677 5165 est2cum
1688 5113 1775 5159 autem
1791 5104 1817 5158 in
1831 5102 1927 5157 ltunra·
2016 5084 2017 5177 t

1132 5196 1927 5267 mmmmmmmmmwmmmmn

1131 5302 1196 5361 ergo
1212 5287 1357 5359 discipulos
1375 5288 1492 5347 nondum
1514 5289 1648 5363 perlectos
1662 5288 1720 5344 ltaec
1737 5289 1925 5361 oppugnabat,
2016 5316 2017 5367 3

1131 5382 1191 5440 ride
1214 5382 1348 5455 quomodo
1362 5382 1485 5451 Christus
1500 5380 1560 5438 iilos
1581 5382 1662 5439 etiarn
1676 5380 1861 5455 Increpatione
1876 5381 1925 5438 ad·

1131 5476 1422 5549 hibitaeorriqat.Nam
1431 5476 1475 5549 qui
1488 5475 1588 5532 millies
1602 5474 1677 5533 illum
1691 5484 1768 5531 antea
1778 5474 1926 5549 interroga·
2016 5478 2017 5557 l

1131 5580 1234 5639 terant,
1249 5580 1278 5627 ut
1288 5569 1574 5638 eumPetmsdiceret,
1589 5564 1747 5640 Quoeodir?
1757 5577 1785 5626 et
1795 5568 1924 5638 Thomas,

314 5205 381 5261 adsit
394 5222 444 5275 nte,
456 5214 481 5261 et
495 5220 570 5261 nemo
578 5218 610 5263 ee
622 5200 690 5259 reiis
701 5202 840 5274 interropet
852 5217 902 5271 me,
914 5200 972 5267 Quo
984 5198 1079 5257 nodis?

247 5288 252 5297 ’
314 5298 342 5353 6.
353 5298 406 5355 snt
419 5298 482 5372 quia
497 5297 551 5352 Itee
561 5297 679 5370 loquelas
691 5312 749 5353 erm
762 5296 846 5363 rodis,
866 5291 969 5351 tristitie
983 5294 1078 5365 imple·

315 5486 340 5542 t.
359 5483 473 5541 Tristitia
483 5500 541 5564 qtte
557 5484 624 5540 ione
635 5483 677 5540 rit.
688 5480 826 5551 -Iiaqna
846 5478 961 5535 tristitiae
975 5478 1027 5545 tis,
1050 5487 1079 5533 et

259 5577 362 5633 ,multa
375 5576 454 5631 nobis
465 5589 533 5647 opos
540 5583 583 5630 est
596 5572 762 5635 tortitudine,
776 5579 805 5627 ut
815 5569 877 5625 itulc
891 5568 974 5624 animi
982 5567 1078 5628 morbo

278 5682 409 5737 rorterose
420 5667 595 5729 resistamus:
618 5673 645 5719 et
666 5664 730 5719 iiiuc
755 5670 829 5735 parta
855 5659 978 5725 utilitate,
1005 5658 1103 5733 quod¹

246 5741 255 5844 ζ
279 5761 443 5833 superfluum
467 5760 496 5817 iu
520 5760 566 5820 illa
585 5767 637 5829 est,
664 5757 868 5827 relinquamus:
882 5754 982 5827 aliquid
1004 5756 1076 5823 eninr

1132 5664 1268 5723 Nescimus
1281 5682 1330 5736 qao
1343 5664 1415 5741 uadis
1431 5680 1440 5720 .·
1453 5672 1476 5719 et
1487 5664 1612 5733 montedo
1627 5678 1761 5735 portaretur
1773 5663 1839 5717 meru
1861 5661 1924 5717 seire

1132 5754 1922 5831 qmmmmmwmmemms
