<?xml version="1.0" encoding="UTF-8"?>
<!DOCTYPE html PUBLIC "-//W3C//DTD XHTML 1.0 Transitional//EN"
    "http://www.w3.org/TR/xhtml1/DTD/xhtml1-transitional.dtd">
<html xmlns="http://www.w3.org/1999/xhtml" xml:lang="en" lang="en">
 <head>
  <title>
</title>
<meta http-equiv="Content-Type" content="text/html;charset=utf-8" />
  <meta name='ocr-system' content='tesseract 3.04.00' />
  <meta name='ocr-capabilities' content='ocr_page ocr_carea ocr_par ocr_line ocrx_word'/>
</head>
<body>
  <div class='ocr_page' id='page_1' title='image "./patrologicursus100migngoog/patrologicursus100migngoog_0729.png"; bbox 0 0 4084 6350; ppageno 0'>
   <div class='ocr_carea' id='block_1_1' title="bbox 103 373 162 446">
    <p class='ocr_par' dir='ltr' id='par_1_1' title="bbox 103 373 162 446">
     <span class='ocr_line' id='line_1_1' title="bbox 103 373 162 446; baseline -0.017 0"><span class='ocrx_word' id='word_1_1' title='bbox 103 373 162 446; x_wconf 85' lang='lat' dir='ltr'><strong>&#39;tta</strong></span> 
     </span>
    </p>
   </div>
   <div class='ocr_carea' id='block_1_2' title="bbox 53 494 898 2700">
    <p class='ocr_par' dir='ltr' id='par_1_2' title="bbox 53 494 898 2700">
     <span class='ocr_line' id='line_1_2' title="bbox 116 494 896 573; baseline -0.01 -14"><span class='ocrx_word' id='word_1_2' title='bbox 116 504 158 560; x_wconf 82' lang='lat' dir='ltr'><strong>stis</strong></span> <span class='ocrx_word' id='word_1_3' title='bbox 168 503 192 558; x_wconf 93' lang='lat' dir='ltr'><strong>in</strong></span> <span class='ocrx_word' id='word_1_4' title='bbox 205 513 283 573; x_wconf 90' lang='lat' dir='ltr'><strong>quam</strong></span> <span class='ocrx_word' id='word_1_5' title='bbox 290 499 428 571; x_wconf 77' lang='lat' dir='ltr'><strong>regionem</strong></span> <span class='ocrx_word' id='word_1_6' title='bbox 436 497 609 569; x_wconf 63' lang='lat' dir='ltr'><strong>longinquam</strong></span> <span class='ocrx_word' id='word_1_7' title='bbox 617 494 766 567; x_wconf 68' lang='lat' dir='ltr'><strong>demigrant</strong></span> <span class='ocrx_word' id='word_1_8' title='bbox 774 497 818 566; x_wconf 89' lang='lat' dir='ltr'><strong>qui</strong></span> <span class='ocrx_word' id='word_1_9' title='bbox 831 511 896 567; x_wconf 88' lang='lat' dir='ltr'><strong>pae-</strong></span> 
     </span>
     <span class='ocr_line' id='line_1_3' title="bbox 117 568 895 646; baseline -0.01 -16"><span class='ocrx_word' id='word_1_10' title='bbox 117 589 185 646; x_wconf 90' lang='lat' dir='ltr'><strong>peres</strong></span> <span class='ocrx_word' id='word_1_11' title='bbox 203 568 471 643; x_wconf 80' lang='lat' dir='ltr'><strong>opprimturtiieltis</strong></span> <span class='ocrx_word' id='word_1_12' title='bbox 491 584 562 624; x_wconf 83' lang='lat' dir='ltr'><strong>nitito</strong></span> <span class='ocrx_word' id='word_1_13' title='bbox 584 568 689 631; x_wconf 90' lang='lat' dir='ltr'><strong>amlire,</strong></span> <span class='ocrx_word' id='word_1_14' title='bbox 713 569 739 623; x_wconf 93' lang='lat' dir='ltr'><strong>in</strong></span> <span class='ocrx_word' id='word_1_15' title='bbox 755 582 835 638; x_wconf 85' lang='lat' dir='ltr'><strong>quam</strong></span> <span class='ocrx_word' id='word_1_16' title='bbox 850 584 895 627; x_wconf 91' lang='lat' dir='ltr'><strong>re·</strong></span> 
     </span>
     <span class='ocr_line' id='line_1_4' title="bbox 134 639 895 714; baseline -0.005 -15"><span class='ocrx_word' id='word_1_17' title='bbox 134 648 207 711; x_wconf 86' lang='lat' dir='ltr'><strong>trient,</strong></span> <span class='ocrx_word' id='word_1_18' title='bbox 223 647 249 699; x_wconf 92' lang='lat' dir='ltr'><strong>in</strong></span> <span class='ocrx_word' id='word_1_19' title='bbox 262 658 330 714; x_wconf 78' lang='lat' dir='ltr'><strong>queas</strong></span> <span class='ocrx_word' id='word_1_20' title='bbox 354 639 464 697; x_wconf 87' lang='lat' dir='ltr'><strong>delicias</strong></span> <span class='ocrx_word' id='word_1_21' title='bbox 482 639 600 694; x_wconf 85' lang='lat' dir='ltr'><strong>abeant?</strong></span> <span class='ocrx_word' id='word_1_22' title='bbox 625 641 652 694; x_wconf 93' lang='lat' dir='ltr'><strong>iu</strong></span> <span class='ocrx_word' id='word_1_23' title='bbox 668 639 756 707; x_wconf 73' lang='lat' dir='ltr'><strong>ignem</strong></span> <span class='ocrx_word' id='word_1_24' title='bbox 773 650 895 710; x_wconf 90' lang='lat' dir='ltr'><strong>paratum</strong></span> 
     </span>
     <span class='ocr_line' id='line_1_5' title="bbox 115 664 897 784; baseline -0.008 -12"><span class='ocrx_word' id='word_1_25' title='bbox 115 664 211 772; x_wconf 83' lang='lat' dir='ltr'><strong>itatem</strong></span> <span class='ocrx_word' id='word_1_26' title='bbox 234 726 261 770; x_wconf 90' lang='lat' dir='ltr'><strong>et</strong></span> <span class='ocrx_word' id='word_1_27' title='bbox 276 714 378 784; x_wconf 78' lang='lat' dir='ltr'><strong>angelis</strong></span> <span class='ocrx_word' id='word_1_28' title='bbox 393 712 460 779; x_wconf 89' lang='lat' dir='ltr'><strong>ejes.</strong></span> <span class='ocrx_word' id='word_1_29' title='bbox 487 710 628 765; x_wconf 89' lang='lat' dir='ltr'><strong>inhumani</strong></span> <span class='ocrx_word' id='word_1_30' title='bbox 651 709 855 775; x_wconf 67' lang='lat' dir='ltr'><strong>exhorrescite,</strong></span> <span class='ocrx_word' id='word_1_31' title='bbox 868 718 897 766; x_wconf 89' lang='lat' dir='ltr'><strong>et</strong></span> 
     </span>
     <span class='ocr_line' id='line_1_6' title="bbox 115 781 897 845; baseline -0.01 -3"><span class='ocrx_word' id='word_1_32' title='bbox 115 789 206 843; x_wconf 91' lang='lat' dir='ltr'><strong>induite</strong></span> <span class='ocrx_word' id='word_1_33' title='bbox 215 782 538 845; x_wconf 68' lang='lat' dir='ltr'><strong>uisceramiserieordiae:</strong></span> <span class='ocrx_word' id='word_1_34' title='bbox 552 781 776 836; x_wconf 80' lang='lat' dir='ltr'><strong>intruisericerdes</strong></span> <span class='ocrx_word' id='word_1_35' title='bbox 788 789 897 837; x_wconf 91' lang='lat' dir='ltr'><strong>contre·</strong></span> 
     </span>
     <span class='ocr_line' id='line_1_7' title="bbox 115 852 896 923; baseline -0.009 -9"><span class='ocrx_word' id='word_1_36' title='bbox 115 861 216 923; x_wconf 88' lang='lat' dir='ltr'><strong>miscite,</strong></span> <span class='ocrx_word' id='word_1_37' title='bbox 232 867 259 914; x_wconf 91' lang='lat' dir='ltr'><strong>et</strong></span> <span class='ocrx_word' id='word_1_38' title='bbox 273 856 369 911; x_wconf 89' lang='lat' dir='ltr'><strong>discite</strong></span> <span class='ocrx_word' id='word_1_39' title='bbox 390 854 601 909; x_wconf 88' lang='lat' dir='ltr'><strong>misericerdiam</strong></span> <span class='ocrx_word' id='word_1_40' title='bbox 617 870 624 906; x_wconf 80' lang='grc' dir='ltr'><strong>ι</strong></span> <span class='ocrx_word' id='word_1_41' title='bbox 642 853 747 923; x_wconf 75' lang='lat' dir='ltr'><strong>tyranni</strong></span> <span class='ocrx_word' id='word_1_42' title='bbox 765 852 896 922; x_wconf 72' lang='lat' dir='ltr'><strong>eet-rigido</strong></span> 
     </span>
     <span class='ocr_line' id='line_1_8' title="bbox 114 924 894 998; baseline -0.009 -14"><span class='ocrx_word' id='word_1_43' title='bbox 114 930 217 998; x_wconf 90' lang='lat' dir='ltr'><strong>correpti</strong></span> <span class='ocrx_word' id='word_1_44' title='bbox 229 934 332 992; x_wconf 89' lang='lat' dir='ltr'><strong>estete,</strong></span> <span class='ocrx_word' id='word_1_45' title='bbox 348 934 376 982; x_wconf 93' lang='lat' dir='ltr'><strong>et</strong></span> <span class='ocrx_word' id='word_1_46' title='bbox 390 926 469 980; x_wconf 88' lang='lat' dir='ltr'><strong>linere</strong></span> <span class='ocrx_word' id='word_1_47' title='bbox 488 926 616 994; x_wconf 74' lang='lat' dir='ltr'><strong>imponite</strong></span> <span class='ocrx_word' id='word_1_48' title='bbox 630 924 754 993; x_wconf 73' lang='lat' dir='ltr'><strong>nequitiae</strong></span> <span class='ocrx_word' id='word_1_49' title='bbox 776 932 873 977; x_wconf 72' lang='lat' dir='ltr'><strong>restrae</strong></span> <span class='ocrx_word' id='word_1_50' title='bbox 887 941 894 977; x_wconf 79' lang='lat' dir='ltr'><strong>a</strong></span> 
     </span>
     <span class='ocr_line' id='line_1_9' title="bbox 115 995 896 1067; baseline -0.005 -14"><span class='ocrx_word' id='word_1_51' title='bbox 115 1009 226 1067; x_wconf 89' lang='lat' dir='ltr'><strong>raptores</strong></span> <span class='ocrx_word' id='word_1_52' title='bbox 247 998 398 1062; x_wconf 85' lang='lat' dir='ltr'><strong>ierrttidate,</strong></span> <span class='ocrx_word' id='word_1_53' title='bbox 423 1004 451 1052; x_wconf 88' lang='lat' dir='ltr'><strong>et</strong></span> <span class='ocrx_word' id='word_1_54' title='bbox 464 996 584 1064; x_wconf 84' lang='lat' dir='ltr'><strong>mpieam</strong></span> <span class='ocrx_word' id='word_1_55' title='bbox 600 995 684 1048; x_wconf 91' lang='lat' dir='ltr'><strong>nolite</strong></span> <span class='ocrx_word' id='word_1_56' title='bbox 705 995 896 1065; x_wconf 80' lang='lat' dir='ltr'><strong>roticupisecre</strong></span> 
     </span>
     <span class='ocr_line' id='line_1_10' title="bbox 113 1064 895 1139; baseline -0.008 -14"><span class='ocrx_word' id='word_1_57' title='bbox 113 1070 188 1139; x_wconf 83' lang='lat' dir='ltr'><strong>(Paci.</strong></span> <span class='ocrx_word' id='word_1_58' title='bbox 200 1071 229 1125; x_wconf 86' lang='lat' dir='ltr'><strong>et</strong></span> <span class='ocrx_word' id='word_1_59' title='bbox 237 1113 243 1126; x_wconf 94' lang='lat'>.</span> <span class='ocrx_word' id='word_1_60' title='bbox 259 1071 316 1138; x_wconf 87' lang='lat' dir='ltr'><strong>ll).</strong></span> <span class='ocrx_word' id='word_1_61' title='bbox 326 1070 479 1139; x_wconf 83' lang='lat' dir='ltr'><strong>cogitentus</strong></span> <span class='ocrx_word' id='word_1_62' title='bbox 491 1080 586 1120; x_wconf 81' lang='lat' dir='ltr'><strong>orienes</strong></span> <span class='ocrx_word' id='word_1_63' title='bbox 597 1065 762 1121; x_wconf 75' lang='lat' dir='ltr'>tremendam</span> <span class='ocrx_word' id='word_1_64' title='bbox 778 1064 895 1119; x_wconf 89' lang='lat' dir='ltr'><strong>redden-</strong></span> 
     </span>
     <span class='ocr_line' id='line_1_11' title="bbox 111 1138 895 1208; baseline -0.011 -11"><span class='ocrx_word' id='word_1_65' title='bbox 111 1142 148 1197; x_wconf 82' lang='lat' dir='ltr'><strong>do</strong></span> <span class='ocrx_word' id='word_1_66' title='bbox 158 1144 265 1196; x_wconf 90' lang='lat' dir='ltr'><strong>rationis</strong></span> <span class='ocrx_word' id='word_1_67' title='bbox 273 1140 378 1202; x_wconf 91' lang='lat' dir='ltr'><strong>heram,</strong></span> <span class='ocrx_word' id='word_1_68' title='bbox 386 1148 412 1192; x_wconf 91' lang='lat' dir='ltr'><strong>et</strong></span> <span class='ocrx_word' id='word_1_69' title='bbox 420 1138 518 1208; x_wconf 82' lang='lat' dir='ltr'><strong>singuli</strong></span> <span class='ocrx_word' id='word_1_70' title='bbox 530 1146 742 1193; x_wconf 84' lang='lat' dir='ltr'><strong>cottrertamera</strong></span> <span class='ocrx_word' id='word_1_71' title='bbox 754 1138 795 1189; x_wconf 85' lang='lat' dir='ltr'><strong>ria</strong></span> <span class='ocrx_word' id='word_1_72' title='bbox 804 1145 895 1191; x_wconf 86' lang='lat' dir='ltr'><strong>nostra</strong></span> 
     </span>
     <span class='ocr_line' id='line_1_12' title="bbox 113 1207 898 1277; baseline -0.008 -10"><span class='ocrx_word' id='word_1_73' title='bbox 113 1212 174 1268; x_wconf 91' lang='lat' dir='ltr'><strong>teala</strong></span> <span class='ocrx_word' id='word_1_74' title='bbox 186 1233 192 1266; x_wconf 90' lang='lat'>:</span> <span class='ocrx_word' id='word_1_75' title='bbox 206 1213 341 1267; x_wconf 92' lang='lat' dir='ltr'><strong>imitemur</strong></span> <span class='ocrx_word' id='word_1_76' title='bbox 352 1210 492 1273; x_wconf 84' lang='lat' dir='ltr'><strong>Ninivitas,</strong></span> <span class='ocrx_word' id='word_1_77' title='bbox 508 1216 536 1263; x_wconf 88' lang='lat' dir='ltr'><strong>et</strong></span> <span class='ocrx_word' id='word_1_78' title='bbox 550 1207 634 1277; x_wconf 88' lang='lat' dir='ltr'><strong>parati</strong></span> <span class='ocrx_word' id='word_1_79' title='bbox 652 1208 747 1266; x_wconf 91' lang='lat' dir='ltr'><strong>sinuts,</strong></span> <span class='ocrx_word' id='word_1_80' title='bbox 765 1215 794 1261; x_wconf 95' lang='grc' dir='ltr'><strong>ιιι</strong></span> <span class='ocrx_word' id='word_1_81' title='bbox 808 1207 898 1261; x_wconf 82' lang='lat' dir='ltr'><strong>britul-</strong></span> 
     </span>
     <span class='ocr_line' id='line_1_13' title="bbox 53 1277 896 1352; baseline -0.007 -14"><span class='ocrx_word' id='word_1_82' title='bbox 53 1292 61 1309; x_wconf 82' lang='lat'><strong><em>‘</em></strong></span> <span class='ocrx_word' id='word_1_83' title='bbox 111 1300 155 1337; x_wconf 88' lang='lat' dir='ltr'><strong>utrs</strong></span> <span class='ocrx_word' id='word_1_84' title='bbox 168 1284 299 1352; x_wconf 76' lang='lat' dir='ltr'><strong>pracepit.</strong></span> <span class='ocrx_word' id='word_1_85' title='bbox 313 1282 403 1336; x_wconf 85' lang='lat' dir='ltr'><strong>llicere</strong></span> <span class='ocrx_word' id='word_1_86' title='bbox 418 1294 524 1349; x_wconf 88' lang='lat' dir='ltr'><strong>possem</strong></span> <span class='ocrx_word' id='word_1_87' title='bbox 532 1290 558 1334; x_wconf 92' lang='lat' dir='ltr'><strong>et</strong></span> <span class='ocrx_word' id='word_1_88' title='bbox 568 1278 701 1333; x_wconf 84' lang='lat' dir='ltr'><strong>disserere</strong></span> <span class='ocrx_word' id='word_1_89' title='bbox 709 1277 743 1332; x_wconf 91' lang='lat' dir='ltr'><strong>de</strong></span> <span class='ocrx_word' id='word_1_90' title='bbox 757 1277 799 1339; x_wconf 90' lang='lat' dir='ltr'><strong>iis,</strong></span> <span class='ocrx_word' id='word_1_91' title='bbox 812 1277 856 1347; x_wconf 89' lang='lat' dir='ltr'><strong>qui</strong></span> <span class='ocrx_word' id='word_1_92' title='bbox 869 1277 896 1331; x_wconf 93' lang='lat' dir='ltr'><strong>iu</strong></span> 
     </span>
     <span class='ocr_line' id='line_1_14' title="bbox 113 1348 895 1418; baseline -0.008 -11"><span class='ocrx_word' id='word_1_93' title='bbox 113 1355 211 1408; x_wconf 80' lang='lat' dir='ltr'><strong>iascivia</strong></span> <span class='ocrx_word' id='word_1_94' title='bbox 224 1356 328 1408; x_wconf 86' lang='lat' dir='ltr'><strong>ttudcas</strong></span> <span class='ocrx_word' id='word_1_95' title='bbox 345 1365 407 1407; x_wconf 89' lang='lat' dir='ltr'><strong>suas</strong></span> <span class='ocrx_word' id='word_1_96' title='bbox 425 1350 574 1417; x_wconf 87' lang='lat' dir='ltr'><strong>inquinant,</strong></span> <span class='ocrx_word' id='word_1_97' title='bbox 590 1351 670 1418; x_wconf 90' lang='lat' dir='ltr'><strong>etqui</strong></span> <span class='ocrx_word' id='word_1_98' title='bbox 684 1363 744 1403; x_wconf 91' lang='lat' dir='ltr'><strong>cem</strong></span> <span class='ocrx_word' id='word_1_99' title='bbox 760 1348 866 1402; x_wconf 88' lang='lat' dir='ltr'><strong>iniamia</strong></span> <span class='ocrx_word' id='word_1_100' title='bbox 880 1362 895 1401; x_wconf 92' lang='lat' dir='ltr'><strong>a</strong></span> 
     </span>
     <span class='ocr_line' id='line_1_15' title="bbox 111 1418 895 1493; baseline -0.008 -14"><span class='ocrx_word' id='word_1_101' title='bbox 111 1427 184 1493; x_wconf 69' lang='lat' dir='ltr'><strong>regiis</strong></span> <span class='ocrx_word' id='word_1_102' title='bbox 206 1425 303 1489; x_wconf 83' lang='grc' dir='ltr'>ιιιιιιιιιι</span> <span class='ocrx_word' id='word_1_103' title='bbox 317 1432 344 1479; x_wconf 91' lang='lat' dir='ltr'><strong>et</strong></span> <span class='ocrx_word' id='word_1_104' title='bbox 367 1438 383 1477; x_wconf 93' lang='lat' dir='ltr'><strong>a</strong></span> <span class='ocrx_word' id='word_1_105' title='bbox 408 1422 500 1477; x_wconf 84' lang='lat' dir='ltr'><strong>laetitia</strong></span> <span class='ocrx_word' id='word_1_106' title='bbox 516 1421 559 1474; x_wconf 89' lang='lat' dir='ltr'><strong>iila</strong></span> <span class='ocrx_word' id='word_1_107' title='bbox 573 1428 600 1475; x_wconf 94' lang='lat' dir='ltr'><strong>et</strong></span> <span class='ocrx_word' id='word_1_108' title='bbox 614 1420 697 1491; x_wconf 84' lang='lat' dir='ltr'><strong>gloria</strong></span> <span class='ocrx_word' id='word_1_109' title='bbox 710 1421 852 1485; x_wconf 82' lang='lat' dir='ltr'><strong>eiicientur</strong></span> <span class='ocrx_word' id='word_1_110' title='bbox 868 1418 895 1473; x_wconf 93' lang='lat' dir='ltr'><strong>iu</strong></span> 
     </span>
     <span class='ocr_line' id='line_1_16' title="bbox 111 1490 894 1557; baseline -0.01 -7"><span class='ocrx_word' id='word_1_111' title='bbox 111 1491 224 1556; x_wconf 82' lang='lat' dir='ltr'><strong>tenebras</strong></span> <span class='ocrx_word' id='word_1_112' title='bbox 235 1494 393 1557; x_wconf 77' lang='lat' dir='ltr'><strong>exteriores,</strong></span> <span class='ocrx_word' id='word_1_113' title='bbox 406 1492 451 1547; x_wconf 92' lang='lat' dir='ltr'><strong>uhi</strong></span> <span class='ocrx_word' id='word_1_114' title='bbox 460 1493 510 1546; x_wconf 87' lang='lat' dir='ltr'><strong>erit</strong></span> <span class='ocrx_word' id='word_1_115' title='bbox 521 1490 600 1546; x_wconf 83' lang='lat' dir='ltr'><strong>lictus</strong></span> <span class='ocrx_word' id='word_1_116' title='bbox 614 1500 641 1547; x_wconf 91' lang='lat' dir='ltr'><strong>et</strong></span> <span class='ocrx_word' id='word_1_117' title='bbox 655 1490 894 1545; x_wconf 88' lang='lat' dir='ltr'><strong>stridordentiutn.</strong></span> 
     </span>
     <span class='ocr_line' id='line_1_17' title="bbox 109 1558 893 1632; baseline -0.011 -11"><span class='ocrx_word' id='word_1_118' title='bbox 109 1565 158 1622; x_wconf 87' lang='lat' dir='ltr'><strong>Sed</strong></span> <span class='ocrx_word' id='word_1_119' title='bbox 169 1566 309 1621; x_wconf 78' lang='lat' dir='ltr'><strong>reddamus</strong></span> <span class='ocrx_word' id='word_1_120' title='bbox 323 1564 430 1620; x_wconf 89' lang='lat' dir='ltr'><strong>iuterim</strong></span> <span class='ocrx_word' id='word_1_121' title='bbox 445 1577 476 1618; x_wconf 90' lang='lat' dir='ltr'><strong>ea</strong></span> <span class='ocrx_word' id='word_1_122' title='bbox 490 1578 549 1632; x_wconf 72' lang='lat' dir='ltr'><strong>quae</strong></span> <span class='ocrx_word' id='word_1_123' title='bbox 565 1570 713 1632; x_wconf 88' lang='lat' dir='ltr'><strong>sequuntur</strong></span> <span class='ocrx_word' id='word_1_124' title='bbox 723 1562 793 1616; x_wconf 92' lang='lat' dir='ltr'><strong>circa</strong></span> <span class='ocrx_word' id='word_1_125' title='bbox 804 1558 893 1614; x_wconf 92' lang='lat' dir='ltr'><strong>immi·</strong></span> 
     </span>
     <span class='ocr_line' id='line_1_18' title="bbox 109 1629 896 1703; baseline -0.014 -9"><span class='ocrx_word' id='word_1_126' title='bbox 109 1637 251 1694; x_wconf 88' lang='lat' dir='ltr'><strong>sericerdes</strong></span> <span class='ocrx_word' id='word_1_127' title='bbox 276 1636 357 1701; x_wconf 87' lang='lat' dir='ltr'><strong>illos;</strong></span> <span class='ocrx_word' id='word_1_128' title='bbox 382 1643 435 1690; x_wconf 83' lang='lat' dir='ltr'><strong>stat</strong></span> <span class='ocrx_word' id='word_1_129' title='bbox 448 1634 519 1689; x_wconf 86' lang='lat' dir='ltr'><strong>eninr</strong></span> <span class='ocrx_word' id='word_1_130' title='bbox 540 1632 628 1687; x_wconf 90' lang='lat' dir='ltr'><strong>adhuc</strong></span> <span class='ocrx_word' id='word_1_131' title='bbox 650 1631 823 1703; x_wconf 82' lang='lat' dir='ltr'><strong>tragoediade</strong></span> <span class='ocrx_word' id='word_1_132' title='bbox 844 1629 896 1684; x_wconf 89' lang='lat' dir='ltr'><strong>illis</strong></span> 
     </span>
     <span class='ocr_line' id='line_1_19' title="bbox 108 1700 896 1776; baseline -0.01 -13"><span class='ocrx_word' id='word_1_133' title='bbox 108 1707 328 1776; x_wconf 82' lang='lat' dir='ltr'><strong>representaeda.</strong></span> <span class='ocrx_word' id='word_1_134' title='bbox 356 1701 553 1776; x_wconf 86' lang='lat' dir='ltr'><strong>Namquiuqee</strong></span> <span class='ocrx_word' id='word_1_135' title='bbox 568 1705 592 1758; x_wconf 89' lang='lat' dir='ltr'><strong>ri</strong></span> <span class='ocrx_word' id='word_1_136' title='bbox 628 1703 684 1759; x_wconf 92' lang='lat' dir='ltr'><strong>iees</strong></span> <span class='ocrx_word' id='word_1_137' title='bbox 712 1702 802 1768; x_wconf 66' lang='lat' dir='ltr'><strong>laetitae,</strong></span> <span class='ocrx_word' id='word_1_138' title='bbox 824 1700 896 1773; x_wconf 89' lang='lat' dir='ltr'><strong>qnod</strong></span> 
     </span>
     <span class='ocr_line' id='line_1_20' title="bbox 108 1772 896 1840; baseline -0.01 -5"><span class='ocrx_word' id='word_1_139' title='bbox 108 1778 294 1836; x_wconf 77' lang='lat' dir='ltr'><strong>misericordiae</strong></span> <span class='ocrx_word' id='word_1_140' title='bbox 306 1789 432 1840; x_wconf 81' lang='lat' dir='ltr'><strong>expertes</strong></span> <span class='ocrx_word' id='word_1_141' title='bbox 445 1786 548 1839; x_wconf 63' lang='lat' dir='ltr'><strong>essent,</strong></span> <span class='ocrx_word' id='word_1_142' title='bbox 562 1790 611 1830; x_wconf 85' lang='lat' dir='ltr'><strong>etc</strong></span> <span class='ocrx_word' id='word_1_143' title='bbox 625 1787 679 1829; x_wconf 76' lang='lat' dir='ltr'><strong>usae</strong></span> <span class='ocrx_word' id='word_1_144' title='bbox 699 1784 776 1839; x_wconf 81' lang='lat' dir='ltr'><strong>stent,</strong></span> <span class='ocrx_word' id='word_1_145' title='bbox 793 1787 846 1828; x_wconf 93' lang='lat' dir='ltr'><strong>non</strong></span> <span class='ocrx_word' id='word_1_146' title='bbox 860 1772 896 1827; x_wconf 87' lang='lat' dir='ltr'><strong>ob</strong></span> 
     </span>
     <span class='ocr_line' id='line_1_21' title="bbox 109 1845 896 1920; baseline -0.011 -14"><span class='ocrx_word' id='word_1_147' title='bbox 109 1853 227 1906; x_wconf 83' lang='lat' dir='ltr'><strong>violatam</strong></span> <span class='ocrx_word' id='word_1_148' title='bbox 252 1850 452 1920; x_wconf 76' lang='lat' dir='ltr'><strong>virginitatett13</strong></span> <span class='ocrx_word' id='word_1_149' title='bbox 475 1845 593 1912; x_wconf 76' lang='lat' dir='ltr'><strong>rirqincs</strong></span> <span class='ocrx_word' id='word_1_150' title='bbox 613 1846 711 1915; x_wconf 86' lang='lat' dir='ltr'><strong>qttippe</strong></span> <span class='ocrx_word' id='word_1_151' title='bbox 732 1853 825 1910; x_wconf 90' lang='lat' dir='ltr'><strong>erant;</strong></span> <span class='ocrx_word' id='word_1_152' title='bbox 842 1858 896 1898; x_wconf 89' lang='grc' dir='ltr'>ιιιιιι</span> 
     </span>
     <span class='ocr_line' id='line_1_22' title="bbox 107 1917 894 1993; baseline -0.013 -16"><span class='ocrx_word' id='word_1_153' title='bbox 107 1922 173 1993; x_wconf 91' lang='lat' dir='ltr'><strong>qued</strong></span> <span class='ocrx_word' id='word_1_154' title='bbox 188 1930 312 1975; x_wconf 83' lang='lat' dir='ltr'><strong>carerent</strong></span> <span class='ocrx_word' id='word_1_155' title='bbox 321 1918 434 1989; x_wconf 79' lang='lat' dir='ltr'><strong>jejttrrie,</strong></span> <span class='ocrx_word' id='word_1_156' title='bbox 443 1918 549 1989; x_wconf 78' lang='lat' dir='ltr'><strong>uigiliis,</strong></span> <span class='ocrx_word' id='word_1_157' title='bbox 559 1917 722 1987; x_wconf 81' lang='lat' dir='ltr'><strong>psaitttttrttut</strong></span> <span class='ocrx_word' id='word_1_158' title='bbox 734 1925 829 1979; x_wconf 90' lang='lat' dir='ltr'><strong>cautu;</strong></span> <span class='ocrx_word' id='word_1_159' title='bbox 842 1928 894 1969; x_wconf 93' lang='lat' dir='ltr'><strong>non</strong></span> 
     </span>
     <span class='ocr_line' id='line_1_23' title="bbox 107 1986 895 2063; baseline -0.01 -16"><span class='ocrx_word' id='word_1_160' title='bbox 107 1993 171 2063; x_wconf 92' lang='lat' dir='ltr'><strong>qued</strong></span> <span class='ocrx_word' id='word_1_161' title='bbox 186 1992 393 2046; x_wconf 85' lang='lat' dir='ltr'><strong>macerationem</strong></span> <span class='ocrx_word' id='word_1_162' title='bbox 400 1991 521 2059; x_wconf 92' lang='lat' dir='ltr'><strong>corperis</strong></span> <span class='ocrx_word' id='word_1_163' title='bbox 531 1989 713 2057; x_wconf 68' lang='lat' dir='ltr'><strong>nregligerent:</strong></span> <span class='ocrx_word' id='word_1_164' title='bbox 725 1986 784 2041; x_wconf 75' lang='lat' dir='ltr'><strong>bec</strong></span> <span class='ocrx_word' id='word_1_165' title='bbox 796 1986 895 2056; x_wconf 88' lang='lat' dir='ltr'><strong>quippe</strong></span> 
     </span>
     <span class='ocr_line' id='line_1_24' title="bbox 107 2057 896 2130; baseline -0.01 -13"><span class='ocrx_word' id='word_1_166' title='bbox 107 2064 191 2118; x_wconf 87' lang='lat' dir='ltr'><strong>oretria</strong></span> <span class='ocrx_word' id='word_1_167' title='bbox 206 2078 267 2117; x_wconf 92' lang='lat' dir='ltr'><strong>eum</strong></span> <span class='ocrx_word' id='word_1_168' title='bbox 281 2060 369 2116; x_wconf 89' lang='lat' dir='ltr'><strong>studio</strong></span> <span class='ocrx_word' id='word_1_169' title='bbox 383 2075 480 2130; x_wconf 79' lang='lat' dir='ltr'><strong>mageo</strong></span> <span class='ocrx_word' id='word_1_170' title='bbox 490 2069 519 2114; x_wconf 89' lang='lat' dir='ltr'><strong>et</strong></span> <span class='ocrx_word' id='word_1_171' title='bbox 532 2057 670 2113; x_wconf 79' lang='lat' dir='ltr'><strong>laboribus</strong></span> <span class='ocrx_word' id='word_1_172' title='bbox 683 2058 804 2127; x_wconf 81' lang='lat' dir='ltr'><strong>plurimis</strong></span> <span class='ocrx_word' id='word_1_173' title='bbox 817 2070 896 2127; x_wconf 87' lang='lat' dir='ltr'><strong>pere·</strong></span> 
     </span>
     <span class='ocr_line' id='line_1_25' title="bbox 106 2125 894 2205; baseline -0.013 -15"><span class='ocrx_word' id='word_1_174' title='bbox 106 2143 204 2205; x_wconf 78' lang='lat' dir='ltr'><strong>gerant,</strong></span> <span class='ocrx_word' id='word_1_175' title='bbox 220 2133 316 2189; x_wconf 84' lang='lat' dir='ltr'><strong>ecdici</strong></span> <span class='ocrx_word' id='word_1_176' title='bbox 343 2132 447 2203; x_wconf 90' lang='lat' dir='ltr'><strong>pondus</strong></span> <span class='ocrx_word' id='word_1_177' title='bbox 460 2140 611 2199; x_wconf 81' lang='lat' dir='ltr'><strong>asttnnque</strong></span> <span class='ocrx_word' id='word_1_178' title='bbox 625 2130 821 2191; x_wconf 87' lang='lat' dir='ltr'><strong>telerarerant;</strong></span> <span class='ocrx_word' id='word_1_179' title='bbox 846 2125 894 2180; x_wconf 89' lang='lat' dir='ltr'><strong>sed</strong></span> 
     </span>
     <span class='ocr_line' id='line_1_26' title="bbox 106 2196 895 2275; baseline -0.015 -15"><span class='ocrx_word' id='word_1_180' title='bbox 106 2207 172 2275; x_wconf 91' lang='lat' dir='ltr'><strong>quod</strong></span> <span class='ocrx_word' id='word_1_181' title='bbox 186 2202 398 2268; x_wconf 87' lang='lat' dir='ltr'><strong>misericordiam</strong></span> <span class='ocrx_word' id='word_1_182' title='bbox 414 2218 466 2256; x_wconf 92' lang='lat' dir='ltr'><strong>eon</strong></span> <span class='ocrx_word' id='word_1_183' title='bbox 481 2208 649 2257; x_wconf 80' lang='lat' dir='ltr'><strong>exercerent.</strong></span> <span class='ocrx_word' id='word_1_184' title='bbox 667 2198 725 2269; x_wconf 90' lang='lat' dir='ltr'><strong>lpsa</strong></span> <span class='ocrx_word' id='word_1_185' title='bbox 740 2199 838 2266; x_wconf 88' lang='lat' dir='ltr'><strong>quippe</strong></span> <span class='ocrx_word' id='word_1_186' title='bbox 852 2196 895 2249; x_wconf 91' lang='lat' dir='ltr'><strong>iu·</strong></span> 
     </span>
     <span class='ocr_line' id='line_1_27' title="bbox 105 2269 892 2337; baseline -0.015 -6"><span class='ocrx_word' id='word_1_187' title='bbox 105 2277 242 2331; x_wconf 85' lang='lat' dir='ltr'><strong>elementia</strong></span> <span class='ocrx_word' id='word_1_188' title='bbox 257 2284 342 2327; x_wconf 89' lang='lat' dir='ltr'><strong>mater</strong></span> <span class='ocrx_word' id='word_1_189' title='bbox 359 2282 402 2327; x_wconf 91' lang='lat' dir='ltr'><strong>est</strong></span> <span class='ocrx_word' id='word_1_190' title='bbox 415 2271 534 2325; x_wconf 90' lang='lat' dir='ltr'><strong>emulum</strong></span> <span class='ocrx_word' id='word_1_191' title='bbox 549 2269 691 2332; x_wconf 73' lang='lat' dir='ltr'><strong>rualenum,</strong></span> <span class='ocrx_word' id='word_1_192' title='bbox 717 2269 770 2321; x_wconf 92' lang='lat' dir='ltr'><strong>odii</strong></span> <span class='ocrx_word' id='word_1_193' title='bbox 784 2280 892 2337; x_wconf 91' lang='lat' dir='ltr'><strong>parens,</strong></span> 
     </span>
     <span class='ocr_line' id='line_1_28' title="bbox 103 2336 895 2423; baseline -0.014 -23"><span class='ocrx_word' id='word_1_194' title='bbox 103 2363 160 2414; x_wconf 88' lang='lat' dir='ltr'><strong>qme</strong></span> <span class='ocrx_word' id='word_1_195' title='bbox 169 2348 249 2401; x_wconf 85' lang='lat' dir='ltr'><strong>Deum</strong></span> <span class='ocrx_word' id='word_1_196' title='bbox 264 2344 404 2423; x_wconf 36' lang='lat' dir='ltr'><strong>etPaturetn</strong></span> <span class='ocrx_word' id='word_1_197' title='bbox 415 2343 449 2397; x_wconf 87' lang='lat' dir='ltr'><strong>ad</strong></span> <span class='ocrx_word' id='word_1_198' title='bbox 463 2340 626 2397; x_wconf 84' lang='lat' dir='ltr'><strong>iracundiam</strong></span> <span class='ocrx_word' id='word_1_199' title='bbox 640 2346 777 2413; x_wconf 78' lang='lat' dir='ltr'><strong>praeveni,</strong></span> <span class='ocrx_word' id='word_1_200' title='bbox 790 2352 821 2418; x_wconf 84' lang='lat' dir='ltr'><strong>ae</strong></span> <span class='ocrx_word' id='word_1_201' title='bbox 834 2336 895 2405; x_wconf 88' lang='lat' dir='ltr'><strong>Spl-</strong></span> 
     </span>
     <span class='ocr_line' id='line_1_29' title="bbox 101 2410 892 2483; baseline -0.014 -11"><span class='ocrx_word' id='word_1_202' title='bbox 101 2418 180 2472; x_wconf 92' lang='lat' dir='ltr'><strong>ritum</strong></span> <span class='ocrx_word' id='word_1_203' title='bbox 193 2423 313 2472; x_wconf 87' lang='lat' dir='ltr'><strong>sartcttun</strong></span> <span class='ocrx_word' id='word_1_204' title='bbox 328 2412 438 2481; x_wconf 77' lang='lat' dir='ltr'><strong>exqtellit</strong></span> <span class='ocrx_word' id='word_1_205' title='bbox 453 2432 460 2467; x_wconf 76' lang='grc' dir='ltr'>ε</span> <span class='ocrx_word' id='word_1_206' title='bbox 475 2412 644 2483; x_wconf 87' lang='lat' dir='ltr'><strong>inclementia</strong></span> <span class='ocrx_word' id='word_1_207' title='bbox 658 2452 665 2473; x_wconf 91' lang='lat'><strong>,</strong></span> <span class='ocrx_word' id='word_1_208' title='bbox 680 2425 740 2479; x_wconf 72' lang='lat' dir='ltr'><strong>quac</strong></span> <span class='ocrx_word' id='word_1_209' title='bbox 755 2410 892 2463; x_wconf 82' lang='lat' dir='ltr'><strong>Citrtsturn</strong></span> 
     </span>
     <span class='ocr_line' id='line_1_30' title="bbox 102 2480 895 2552; baseline -0.014 -11"><span class='ocrx_word' id='word_1_210' title='bbox 102 2490 206 2552; x_wconf 92' lang='lat' dir='ltr'><strong>mitem,</strong></span> <span class='ocrx_word' id='word_1_211' title='bbox 217 2493 396 2551; x_wconf 87' lang='lat' dir='ltr'><strong>trtarrsuetmn,</strong></span> <span class='ocrx_word' id='word_1_212' title='bbox 405 2486 477 2549; x_wconf 81' lang='lat' dir='ltr'><strong>pacis</strong></span> <span class='ocrx_word' id='word_1_213' title='bbox 487 2483 697 2543; x_wconf 87' lang='lat' dir='ltr'><strong>conciliatorem,</strong></span> <span class='ocrx_word' id='word_1_214' title='bbox 708 2480 743 2535; x_wconf 92' lang='lat' dir='ltr'><strong>ab</strong></span> <span class='ocrx_word' id='word_1_215' title='bbox 755 2481 895 2536; x_wconf 81' lang='lat' dir='ltr'><strong>irareuro-</strong></span> 
     </span>
     <span class='ocr_line' id='line_1_31' title="bbox 103 2548 894 2677; baseline -0.011 -67"><span class='ocrx_word' id='word_1_216' title='bbox 103 2568 166 2624; x_wconf 91' lang='lat' dir='ltr'><strong>tem,</strong></span> <span class='ocrx_word' id='word_1_217' title='bbox 183 2558 258 2629; x_wconf 91' lang='lat' dir='ltr'><strong>quasi</strong></span> <span class='ocrx_word' id='word_1_218' title='bbox 274 2555 431 2611; x_wconf 89' lang='lat' dir='ltr'><strong>iracundum</strong></span> <span class='ocrx_word' id='word_1_219' title='bbox 447 2552 564 2617; x_wconf 79' lang='lat' dir='ltr'><strong>exhibet,</strong></span> <span class='ocrx_word' id='word_1_220' title='bbox 580 2562 608 2606; x_wconf 91' lang='lat' dir='ltr'><strong>ut</strong></span> <span class='ocrx_word' id='word_1_221' title='bbox 621 2555 750 2677; x_wconf 69' lang='lat' dir='ltr'><strong>scriptum</strong></span> <span class='ocrx_word' id='word_1_222' title='bbox 763 2548 894 2614; x_wconf 81' lang='lat' dir='ltr'><strong>cst,Ttetc</strong></span> 
     </span>
     <span class='ocr_line' id='line_1_32' title="bbox 101 2620 894 2700; baseline -0.013 -17"><span class='ocrx_word' id='word_1_223' title='bbox 101 2632 216 2700; x_wconf 78' lang='lat' dir='ltr'><strong>loquerer</strong></span> <span class='ocrx_word' id='word_1_224' title='bbox 230 2628 265 2683; x_wconf 87' lang='lat' dir='ltr'><strong>ad</strong></span> <span class='ocrx_word' id='word_1_225' title='bbox 276 2644 318 2683; x_wconf 85' lang='lat' dir='ltr'><strong>eos</strong></span> <span class='ocrx_word' id='word_1_226' title='bbox 335 2628 409 2681; x_wconf 87' lang='lat' dir='ltr'><strong>inire</strong></span> <span class='ocrx_word' id='word_1_227' title='bbox 421 2642 467 2681; x_wconf 81' lang='lat' dir='ltr'><strong>sua</strong></span> <span class='ocrx_word' id='word_1_228' title='bbox 481 2624 566 2697; x_wconf 85' lang='grc' dir='ltr'>(Ριιιι.</span> <span class='ocrx_word' id='word_1_229' title='bbox 577 2624 604 2678; x_wconf 70' lang='lat'><strong>2.</strong></span> <span class='ocrx_word' id='word_1_230' title='bbox 617 2622 657 2693; x_wconf 82' lang='lat'><strong>5).</strong></span> <span class='ocrx_word' id='word_1_231' title='bbox 694 2638 754 2687; x_wconf 87' lang='lat' dir='ltr'><strong>tter,</strong></span> <span class='ocrx_word' id='word_1_232' title='bbox 768 2620 894 2691; x_wconf 87' lang='lat' dir='ltr'><strong>qttaedo·</strong></span> 
     </span>
    </p>
   </div>
   <div class='ocr_carea' id='block_1_3' title="bbox 97 2692 893 2895">
    <p class='ocr_par' dir='ltr' id='par_1_3' title="bbox 97 2692 893 2895">
     <span class='ocr_line' id='line_1_33' title="bbox 100 2692 893 2770; baseline -0.011 -17"><span class='ocrx_word' id='word_1_233' title='bbox 100 2701 183 2754; x_wconf 82' lang='lat' dir='ltr'><strong>reterri</strong></span> <span class='ocrx_word' id='word_1_234' title='bbox 196 2700 308 2770; x_wconf 84' lang='lat' dir='ltr'><strong>Quando</strong></span> <span class='ocrx_word' id='word_1_235' title='bbox 319 2714 380 2755; x_wconf 89' lang='lat' dir='ltr'><strong>cum</strong></span> <span class='ocrx_word' id='word_1_236' title='bbox 394 2712 494 2769; x_wconf 78' lang='lat' dir='ltr'><strong>augere</strong></span> <span class='ocrx_word' id='word_1_237' title='bbox 516 2696 600 2750; x_wconf 91' lang='lat' dir='ltr'><strong>multo</strong></span> <span class='ocrx_word' id='word_1_238' title='bbox 616 2706 697 2764; x_wconf 89' lang='lat' dir='ltr'><strong>atque</strong></span> <span class='ocrx_word' id='word_1_239' title='bbox 721 2706 837 2748; x_wconf 79' lang='lat' dir='ltr'><strong>trtoeroro</strong></span> <span class='ocrx_word' id='word_1_240' title='bbox 852 2692 893 2757; x_wconf 81' lang='lat' dir='ltr'><strong>lo·</strong></span> 
     </span>
     <span class='ocr_line' id='line_1_34' title="bbox 97 2763 891 2895; baseline -0.005 -73"><span class='ocrx_word' id='word_1_241' title='bbox 97 2782 195 2895; x_wconf 59' lang='lat' dir='ltr'><strong>artetum</strong></span> <span class='ocrx_word' id='word_1_242' title='bbox 208 2771 240 2824; x_wconf 88' lang='lat' dir='ltr'><strong>ad</strong></span> <span class='ocrx_word' id='word_1_243' title='bbox 252 2785 309 2833; x_wconf 91' lang='lat' dir='ltr'><strong>ees,</strong></span> <span class='ocrx_word' id='word_1_244' title='bbox 327 2768 481 2823; x_wconf 73' lang='lat' dir='ltr'><strong>disceditea</strong></span> <span class='ocrx_word' id='word_1_245' title='bbox 496 2782 535 2821; x_wconf 84' lang='lat' dir='ltr'><strong>me</strong></span> <span class='ocrx_word' id='word_1_246' title='bbox 556 2765 692 2819; x_wconf 81' lang='lat' dir='ltr'><strong>ntuledieti.</strong></span> <span class='ocrx_word' id='word_1_247' title='bbox 709 2763 804 2819; x_wconf 76' lang='lat' dir='ltr'><strong>Videu’</strong></span> <span class='ocrx_word' id='word_1_248' title='bbox 826 2770 891 2830; x_wconf 78' lang='lat' dir='ltr'><strong>tqrrcrt</strong></span> 
     </span>
    </p>
   </div>
   <div class='ocr_carea' id='block_1_4' title="bbox 70 2832 894 5970">
    <p class='ocr_par' dir='ltr' id='par_1_4' title="bbox 70 2832 894 5970">
     <span class='ocr_line' id='line_1_35' title="bbox 127 2832 894 2915; baseline -0.004 -24"><span class='ocrx_word' id='word_1_249' title='bbox 127 2858 167 2895; x_wconf 89' lang='lat' dir='ltr'><strong>ma</strong></span> <span class='ocrx_word' id='word_1_250' title='bbox 184 2842 308 2897; x_wconf 87' lang='lat' dir='ltr'><strong>conciliet</strong></span> <span class='ocrx_word' id='word_1_251' title='bbox 316 2837 556 2895; x_wconf 83' lang='lat' dir='ltr'><strong>immisericordia?</strong></span> <span class='ocrx_word' id='word_1_252' title='bbox 568 2837 651 2904; x_wconf 82' lang='lat' dir='ltr'><strong>llrrjrrs</strong></span> <span class='ocrx_word' id='word_1_253' title='bbox 662 2850 777 2905; x_wconf 76' lang='lat' dir='ltr'><strong>ruantque</strong></span> <span class='ocrx_word' id='word_1_254' title='bbox 787 2832 894 2915; x_wconf 81' lang='lat' dir='ltr'><strong>iettettrs</strong></span> 
     </span>
     <span class='ocr_line' id='line_1_36' title="bbox 96 2909 891 2979; baseline -0.011 -13"><span class='ocrx_word' id='word_1_255' title='bbox 96 2922 141 2966; x_wconf 75' lang='lat' dir='ltr'><strong>est</strong></span> <span class='ocrx_word' id='word_1_256' title='bbox 155 2914 244 2968; x_wconf 88' lang='lat' dir='ltr'><strong>otliem</strong></span> <span class='ocrx_word' id='word_1_257' title='bbox 256 2909 385 2977; x_wconf 87' lang='lat' dir='ltr'><strong>iratrum;</strong></span> <span class='ocrx_word' id='word_1_258' title='bbox 399 2911 478 2979; x_wconf 84' lang='lat' dir='ltr'><strong>hrrjus</strong></span> <span class='ocrx_word' id='word_1_259' title='bbox 489 2909 659 2979; x_wconf 80' lang='lat' dir='ltr'><strong>agricultura,</strong></span> <span class='ocrx_word' id='word_1_260' title='bbox 668 2921 745 2960; x_wconf 88' lang='lat' dir='ltr'><strong>anter</strong></span> <span class='ocrx_word' id='word_1_261' title='bbox 754 2918 891 2974; x_wconf 57' lang='lat' dir='ltr'><strong>peretrum</strong></span> 
     </span>
     <span class='ocr_line' id='line_1_37' title="bbox 95 2974 893 3051; baseline -0.009 -15"><span class='ocrx_word' id='word_1_262' title='bbox 95 2985 178 3051; x_wconf 77' lang='lat' dir='ltr'><strong>trajice</strong></span> <span class='ocrx_word' id='word_1_263' title='bbox 201 2982 388 3048; x_wconf 89' lang='lat' dir='ltr'><strong>rrtieisteriem,</strong></span> <span class='ocrx_word' id='word_1_264' title='bbox 413 2980 563 3041; x_wconf 83' lang='lat' dir='ltr'><strong>teriaeitas:</strong></span> <span class='ocrx_word' id='word_1_265' title='bbox 580 2978 659 3047; x_wconf 90' lang='lat' dir='ltr'><strong>lrttjes</strong></span> <span class='ocrx_word' id='word_1_266' title='bbox 680 2976 823 3032; x_wconf 82' lang='lat' dir='ltr'><strong>celebritas</strong></span> <span class='ocrx_word' id='word_1_267' title='bbox 845 2974 893 3032; x_wconf 83' lang='lat' dir='ltr'><strong>liet</strong></span> 
     </span>
     <span class='ocr_line' id='line_1_38' title="bbox 95 3046 893 3121; baseline -0.011 -12"><span class='ocrx_word' id='word_1_268' title='bbox 95 3070 244 3111; x_wconf 80' lang='lat' dir='ltr'><strong>ntoererem</strong></span> <span class='ocrx_word' id='word_1_269' title='bbox 258 3054 413 3118; x_wconf 80' lang='lat' dir='ltr'><strong>cumularit,</strong></span> <span class='ocrx_word' id='word_1_270' title='bbox 428 3052 506 3121; x_wconf 85' lang='lat' dir='ltr'><strong>lurjes</strong></span> <span class='ocrx_word' id='word_1_271' title='bbox 522 3051 648 3105; x_wconf 89' lang='lat' dir='ltr'><strong>horreum</strong></span> <span class='ocrx_word' id='word_1_272' title='bbox 659 3048 823 3102; x_wconf 79' lang='lat' dir='ltr'><strong>inretrauitate</strong></span> <span class='ocrx_word' id='word_1_273' title='bbox 836 3046 893 3112; x_wconf 75' lang='lat' dir='ltr'><strong>ple</strong></span> 
     </span>
     <span class='ocr_line' id='line_1_39' title="bbox 93 3118 893 3194; baseline -0.013 -13"><span class='ocrx_word' id='word_1_274' title='bbox 93 3142 181 3192; x_wconf 79' lang='grc' dir='ltr'>ιιιιιιι;</span> <span class='ocrx_word' id='word_1_275' title='bbox 196 3126 222 3183; x_wconf 93' lang='lat' dir='ltr'><strong>in</strong></span> <span class='ocrx_word' id='word_1_276' title='bbox 235 3126 314 3194; x_wconf 80' lang='lat' dir='ltr'><strong>hujus</strong></span> <span class='ocrx_word' id='word_1_277' title='bbox 328 3123 386 3179; x_wconf 90' lang='lat' dir='ltr'><strong>lere</strong></span> <span class='ocrx_word' id='word_1_278' title='bbox 398 3124 486 3178; x_wconf 88' lang='lat' dir='ltr'><strong>ortteis</strong></span> <span class='ocrx_word' id='word_1_279' title='bbox 495 3120 669 3184; x_wconf 86' lang='lat' dir='ltr'><strong>abrutdaetia,</strong></span> <span class='ocrx_word' id='word_1_280' title='bbox 680 3118 727 3174; x_wconf 90' lang='lat' dir='ltr'><strong>sed</strong></span> <span class='ocrx_word' id='word_1_281' title='bbox 740 3118 849 3190; x_wconf 87' lang='lat' dir='ltr'><strong>petutria</strong></span> <span class='ocrx_word' id='word_1_282' title='bbox 865 3124 893 3173; x_wconf 90' lang='lat' dir='ltr'><strong>et</strong></span> 
     </span>
     <span class='ocr_line' id='line_1_40' title="bbox 91 3192 890 3261; baseline -0.014 -9"><span class='ocrx_word' id='word_1_283' title='bbox 91 3194 184 3254; x_wconf 71' lang='lat' dir='ltr'><strong>hames</strong></span> <span class='ocrx_word' id='word_1_284' title='bbox 207 3196 398 3253; x_wconf 80' lang='lat' dir='ltr'><strong>misericordie</strong></span> <span class='ocrx_word' id='word_1_285' title='bbox 415 3193 479 3261; x_wconf 84' lang='lat' dir='ltr'><strong>liei,</strong></span> <span class='ocrx_word' id='word_1_286' title='bbox 495 3192 740 3248; x_wconf 85' lang='lat' dir='ltr'><strong>commiserationis</strong></span> <span class='ocrx_word' id='word_1_287' title='bbox 752 3198 780 3245; x_wconf 91' lang='lat' dir='ltr'><strong>et</strong></span> <span class='ocrx_word' id='word_1_288' title='bbox 794 3194 890 3242; x_wconf 86' lang='lat' dir='ltr'><strong>trema-</strong></span> 
     </span>
     <span class='ocr_line' id='line_1_41' title="bbox 91 3261 888 3338; baseline -0.013 -15"><span class='ocrx_word' id='word_1_289' title='bbox 91 3271 190 3323; x_wconf 89' lang='lat' dir='ltr'><strong>nitatis</strong></span> <span class='ocrx_word' id='word_1_290' title='bbox 206 3287 214 3324; x_wconf 79' lang='lat' dir='ltr'><strong>t</strong></span> <span class='ocrx_word' id='word_1_291' title='bbox 229 3268 308 3338; x_wconf 78' lang='lat' dir='ltr'><strong>huius</strong></span> <span class='ocrx_word' id='word_1_292' title='bbox 321 3267 416 3322; x_wconf 87' lang='lat' dir='ltr'><strong>iecohe</strong></span> <span class='ocrx_word' id='word_1_293' title='bbox 429 3279 444 3320; x_wconf 93' lang='lat' dir='ltr'><strong>a</strong></span> <span class='ocrx_word' id='word_1_294' title='bbox 461 3265 578 3320; x_wconf 81' lang='lat' dir='ltr'><strong>sinistris</strong></span> <span class='ocrx_word' id='word_1_295' title='bbox 588 3271 651 3318; x_wconf 93' lang='lat' dir='ltr'><strong>suet</strong></span> <span class='ocrx_word' id='word_1_296' title='bbox 665 3262 761 3330; x_wconf 86' lang='lat' dir='ltr'><strong>:trrtjes</strong></span> <span class='ocrx_word' id='word_1_297' title='bbox 774 3261 888 3330; x_wconf 88' lang='lat' dir='ltr'><strong>discipu-</strong></span> 
     </span>
     <span class='ocr_line' id='line_1_42' title="bbox 89 3329 892 3405; baseline -0.016 -8"><span class='ocrx_word' id='word_1_298' title='bbox 89 3342 140 3397; x_wconf 94' lang='lat' dir='ltr'><strong>lus</strong></span> <span class='ocrx_word' id='word_1_299' title='bbox 154 3340 229 3395; x_wconf 78' lang='lat' dir='ltr'><strong>diaes</strong></span> <span class='ocrx_word' id='word_1_300' title='bbox 241 3339 443 3397; x_wconf 88' lang='lat' dir='ltr'><strong>immisericors,</strong></span> <span class='ocrx_word' id='word_1_301' title='bbox 456 3340 501 3405; x_wconf 89' lang='lat' dir='ltr'><strong>qni</strong></span> <span class='ocrx_word' id='word_1_302' title='bbox 515 3335 578 3389; x_wconf 90' lang='lat' dir='ltr'><strong>olim</strong></span> <span class='ocrx_word' id='word_1_303' title='bbox 593 3333 746 3388; x_wconf 79' lang='lat' dir='ltr'><strong>mendicum</strong></span> <span class='ocrx_word' id='word_1_304' title='bbox 761 3329 892 3386; x_wconf 79' lang='lat' dir='ltr'><strong>Lazarum</strong></span> 
     </span>
     <span class='ocr_line' id='line_1_43' title="bbox 88 3403 893 3477; baseline -0.014 -10"><span class='ocrx_word' id='word_1_305' title='bbox 88 3413 126 3467; x_wconf 84' lang='lat' dir='ltr'><strong>tul</strong></span> <span class='ocrx_word' id='word_1_306' title='bbox 144 3413 241 3466; x_wconf 89' lang='lat' dir='ltr'><strong>ostium</strong></span> <span class='ocrx_word' id='word_1_307' title='bbox 255 3425 332 3466; x_wconf 89' lang='lat' dir='ltr'><strong>suum</strong></span> <span class='ocrx_word' id='word_1_308' title='bbox 344 3409 479 3477; x_wconf 82' lang='lat' dir='ltr'><strong>jacentem</strong></span> <span class='ocrx_word' id='word_1_309' title='bbox 491 3405 660 3466; x_wconf 81' lang='lat' dir='ltr'><strong>bistidiehttt;</strong></span> <span class='ocrx_word' id='word_1_310' title='bbox 673 3404 751 3474; x_wconf 83' lang='lat' dir='ltr'><strong>hujus</strong></span> <span class='ocrx_word' id='word_1_311' title='bbox 761 3403 855 3456; x_wconf 81' lang='lat' dir='ltr'><strong>atrticttt</strong></span> <span class='ocrx_word' id='word_1_312' title='bbox 865 3411 893 3456; x_wconf 88' lang='lat' dir='ltr'><strong>et</strong></span> 
     </span>
     <span class='ocr_line' id='line_1_44' title="bbox 89 3475 892 3553; baseline -0.015 -14"><span class='ocrx_word' id='word_1_313' title='bbox 89 3483 237 3552; x_wconf 77' lang='lat' dir='ltr'><strong>discipulae</strong></span> <span class='ocrx_word' id='word_1_314' title='bbox 251 3483 368 3553; x_wconf 90' lang='lat' dir='ltr'><strong>quinque</strong></span> <span class='ocrx_word' id='word_1_315' title='bbox 382 3479 461 3533; x_wconf 79' lang='lat' dir='ltr'><strong>factrice</strong></span> <span class='ocrx_word' id='word_1_316' title='bbox 476 3479 592 3543; x_wconf 75' lang='lat' dir='ltr'><strong>rireines</strong></span> <span class='ocrx_word' id='word_1_317' title='bbox 603 3493 610 3542; x_wconf 88' lang='lat'>;</span> <span class='ocrx_word' id='word_1_318' title='bbox 621 3475 700 3544; x_wconf 73' lang='lat' dir='ltr'><strong>bidus</strong></span> <span class='ocrx_word' id='word_1_319' title='bbox 710 3475 782 3529; x_wconf 89' lang='lat' dir='ltr'><strong>ciues</strong></span> <span class='ocrx_word' id='word_1_320' title='bbox 796 3486 892 3528; x_wconf 89' lang='lat' dir='ltr'><strong>ornnes</strong></span> 
     </span>
     <span class='ocr_line' id='line_1_45' title="bbox 89 3545 891 3619; baseline -0.01 -15"><span class='ocrx_word' id='word_1_321' title='bbox 89 3554 217 3610; x_wconf 88' lang='lat' dir='ltr'><strong>rertduut</strong></span> <span class='ocrx_word' id='word_1_322' title='bbox 229 3560 256 3609; x_wconf 90' lang='lat' dir='ltr'><strong>et</strong></span> <span class='ocrx_word' id='word_1_323' title='bbox 277 3560 370 3608; x_wconf 87' lang='lat' dir='ltr'><strong>eruent</strong></span> <span class='ocrx_word' id='word_1_324' title='bbox 384 3551 488 3619; x_wconf 89' lang='lat' dir='ltr'><strong>speeies</strong></span> <span class='ocrx_word' id='word_1_325' title='bbox 501 3549 560 3602; x_wconf 91' lang='lat' dir='ltr'><strong>sine</strong></span> <span class='ocrx_word' id='word_1_326' title='bbox 582 3545 764 3601; x_wconf 89' lang='lat' dir='ltr'><strong>misericordia</strong></span> <span class='ocrx_word' id='word_1_327' title='bbox 775 3553 802 3599; x_wconf 90' lang='lat' dir='ltr'><strong>et</strong></span> <span class='ocrx_word' id='word_1_328' title='bbox 818 3545 891 3598; x_wconf 80' lang='lat' dir='ltr'><strong>carri·</strong></span> 
     </span>
     <span class='ocr_line' id='line_1_46' title="bbox 90 3615 889 3694; baseline -0.011 -15"><span class='ocrx_word' id='word_1_329' title='bbox 90 3637 153 3679; x_wconf 88' lang='lat' dir='ltr'><strong>tate</strong></span> <span class='ocrx_word' id='word_1_330' title='bbox 168 3643 174 3677; x_wconf 93' lang='lat'>:</span> <span class='ocrx_word' id='word_1_331' title='bbox 190 3624 364 3694; x_wconf 77' lang='lat' dir='ltr'><strong>tprtatuebrem</strong></span> <span class='ocrx_word' id='word_1_332' title='bbox 386 3620 497 3676; x_wconf 88' lang='lat' dir='ltr'><strong>audient</strong></span> <span class='ocrx_word' id='word_1_333' title='bbox 512 3617 594 3680; x_wconf 87' lang='lat' dir='ltr'><strong>illud,</strong></span> <span class='ocrx_word' id='word_1_334' title='bbox 611 3615 704 3671; x_wconf 83' lang='lat' dir='ltr'><strong>Nescia</strong></span> <span class='ocrx_word' id='word_1_335' title='bbox 723 3632 766 3670; x_wconf 84' lang='lat' dir='ltr'><strong>ees</strong></span> <span class='ocrx_word' id='word_1_336' title='bbox 782 3615 873 3687; x_wconf 69' lang='lat' dir='ltr'><strong>(ilerd</strong></span> <span class='ocrx_word' id='word_1_337' title='bbox 882 3655 889 3670; x_wconf 93' lang='lat'><strong>.</strong></span> 
     </span>
     <span class='ocr_line' id='line_1_47' title="bbox 87 3685 890 3764; baseline -0.016 -13"><span class='ocrx_word' id='word_1_338' title='bbox 87 3696 140 3751; x_wconf 73' lang='lat' dir='ltr'><strong>es.</strong></span> <span class='ocrx_word' id='word_1_339' title='bbox 154 3695 210 3760; x_wconf 63' lang='lat' dir='ltr'><strong>lii,</strong></span> <span class='ocrx_word' id='word_1_340' title='bbox 224 3695 307 3764; x_wconf 83' lang='lat' dir='ltr'><strong>lltijes</strong></span> <span class='ocrx_word' id='word_1_341' title='bbox 321 3691 436 3748; x_wconf 81' lang='lat' dir='ltr'><strong>heredes</strong></span> <span class='ocrx_word' id='word_1_342' title='bbox 455 3690 564 3745; x_wconf 89' lang='lat' dir='ltr'><strong>audient</strong></span> <span class='ocrx_word' id='word_1_343' title='bbox 577 3687 652 3750; x_wconf 91' lang='lat' dir='ltr'><strong>illud,</strong></span> <span class='ocrx_word' id='word_1_344' title='bbox 667 3685 793 3741; x_wconf 79' lang='lat' dir='ltr'><strong>Discedite</strong></span> <span class='ocrx_word' id='word_1_345' title='bbox 806 3701 822 3739; x_wconf 83' lang='lat' dir='ltr'><strong>o</strong></span> <span class='ocrx_word' id='word_1_346' title='bbox 834 3701 890 3752; x_wconf 80' lang='lat' dir='ltr'><strong>ute,-</strong></span> 
     </span>
     <span class='ocr_line' id='line_1_48' title="bbox 90 3757 891 3833; baseline -0.014 -13"><span class='ocrx_word' id='word_1_347' title='bbox 90 3766 176 3833; x_wconf 82' lang='lat' dir='ltr'><strong>lmius</strong></span> <span class='ocrx_word' id='word_1_348' title='bbox 191 3777 356 3822; x_wconf 80' lang='lat' dir='ltr'><strong>mercatores</strong></span> <span class='ocrx_word' id='word_1_349' title='bbox 371 3763 460 3818; x_wconf 85' lang='lat' dir='ltr'><strong>entrda</strong></span> <span class='ocrx_word' id='word_1_350' title='bbox 475 3759 613 3830; x_wconf 71' lang='lat' dir='ltr'><strong>possident</strong></span> <span class='ocrx_word' id='word_1_351' title='bbox 638 3767 735 3828; x_wconf 80' lang='lat' dir='ltr'><strong>prater</strong></span> <span class='ocrx_word' id='word_1_352' title='bbox 750 3757 797 3812; x_wconf 86' lang='lat' dir='ltr'><strong>het</strong></span> <span class='ocrx_word' id='word_1_353' title='bbox 812 3757 891 3812; x_wconf 91' lang='lat' dir='ltr'><strong>beni-</strong></span> 
     </span>
     <span class='ocr_line' id='line_1_49' title="bbox 87 3829 891 3909; baseline -0.016 -15"><span class='ocrx_word' id='word_1_354' title='bbox 87 3841 237 3909; x_wconf 74' lang='lat' dir='ltr'><strong>gnitatem,</strong></span> <span class='ocrx_word' id='word_1_355' title='bbox 255 3847 284 3890; x_wconf 94' lang='lat' dir='ltr'><strong>ut</strong></span> <span class='ocrx_word' id='word_1_356' title='bbox 296 3845 324 3891; x_wconf 87' lang='lat' dir='ltr'><strong>ct</strong></span> <span class='ocrx_word' id='word_1_357' title='bbox 337 3834 470 3904; x_wconf 70' lang='lat' dir='ltr'><strong>praedicte</strong></span> <span class='ocrx_word' id='word_1_358' title='bbox 482 3831 599 3901; x_wconf 82' lang='lat' dir='ltr'><strong>uirgines</strong></span> <span class='ocrx_word' id='word_1_359' title='bbox 620 3829 700 3884; x_wconf 79' lang='lat' dir='ltr'><strong>iateec</strong></span> <span class='ocrx_word' id='word_1_360' title='bbox 712 3829 802 3882; x_wconf 90' lang='lat' dir='ltr'><strong>omnia</strong></span> <span class='ocrx_word' id='word_1_361' title='bbox 817 3835 891 3883; x_wconf 90' lang='lat' dir='ltr'><strong>recte</strong></span> 
     </span>
     <span class='ocr_line' id='line_1_50' title="bbox 90 3898 892 3980; baseline -0.017 -15"><span class='ocrx_word' id='word_1_362' title='bbox 90 3917 270 3980; x_wconf 77' lang='lat' dir='ltr'><strong>peregerant,</strong></span> <span class='ocrx_word' id='word_1_363' title='bbox 285 3905 476 3974; x_wconf 74' lang='lat' dir='ltr'><strong>uirginitatem,</strong></span> <span class='ocrx_word' id='word_1_364' title='bbox 490 3901 633 3973; x_wconf 80' lang='lat' dir='ltr'><strong>jejrudum,</strong></span> <span class='ocrx_word' id='word_1_365' title='bbox 647 3898 835 3970; x_wconf 88' lang='lat' dir='ltr'><strong>psalreodiam,</strong></span> <span class='ocrx_word' id='word_1_366' title='bbox 852 3898 892 3952; x_wconf 87' lang='lat' dir='ltr'><strong>ri-</strong></span> 
     </span>
     <span class='ocr_line' id='line_1_51' title="bbox 88 3970 891 4050; baseline -0.01 -17"><span class='ocrx_word' id='word_1_367' title='bbox 88 3981 185 4050; x_wconf 78' lang='lat' dir='ltr'><strong>gitias,</strong></span> <span class='ocrx_word' id='word_1_368' title='bbox 202 3977 418 4049; x_wconf 85' lang='lat' dir='ltr'><strong>temperantiam,</strong></span> <span class='ocrx_word' id='word_1_369' title='bbox 435 3975 507 4027; x_wconf 87' lang='lat' dir='ltr'><strong>lrutui</strong></span> <span class='ocrx_word' id='word_1_370' title='bbox 521 3970 777 4037; x_wconf 88' lang='lat' dir='ltr'><strong>cubatioueut,aridi</strong></span> <span class='ocrx_word' id='word_1_371' title='bbox 791 3971 891 4025; x_wconf 91' lang='lat' dir='ltr'><strong>tenuis-</strong></span> 
     </span>
     <span class='ocr_line' id='line_1_52' title="bbox 89 4042 888 4122; baseline -0.013 -18"><span class='ocrx_word' id='word_1_372' title='bbox 89 4065 148 4122; x_wconf 87' lang='lat' dir='ltr'><strong>que</strong></span> <span class='ocrx_word' id='word_1_373' title='bbox 157 4049 423 4110; x_wconf 88' lang='lat' dir='ltr'><strong>cihicemestieeem,</strong></span> <span class='ocrx_word' id='word_1_374' title='bbox 435 4044 592 4105; x_wconf 86' lang='lat' dir='ltr'><strong>orationem,</strong></span> <span class='ocrx_word' id='word_1_375' title='bbox 604 4042 689 4097; x_wconf 91' lang='lat' dir='ltr'><strong>balnei</strong></span> <span class='ocrx_word' id='word_1_376' title='bbox 701 4042 888 4112; x_wconf 79' lang='lat' dir='ltr'><strong>privationem,</strong></span> 
     </span>
     <span class='ocr_line' id='line_1_53' title="bbox 90 4112 891 4190; baseline -0.015 -14"><span class='ocrx_word' id='word_1_377' title='bbox 90 4122 206 4176; x_wconf 84' lang='lat' dir='ltr'><strong>labores</strong></span> <span class='ocrx_word' id='word_1_378' title='bbox 218 4120 383 4190; x_wconf 79' lang='lat' dir='ltr'><strong>sudoresque</strong></span> <span class='ocrx_word' id='word_1_379' title='bbox 397 4117 506 4180; x_wconf 86' lang='lat' dir='ltr'><strong>eudres,</strong></span> <span class='ocrx_word' id='word_1_380' title='bbox 517 4113 652 4171; x_wconf 89' lang='lat' dir='ltr'><strong>silentium</strong></span> <span class='ocrx_word' id='word_1_381' title='bbox 666 4133 671 4166; x_wconf 94' lang='lat'>:</span> <span class='ocrx_word' id='word_1_382' title='bbox 685 4125 765 4180; x_wconf 76' lang='lat' dir='ltr'><strong>sttrier</strong></span> <span class='ocrx_word' id='word_1_383' title='bbox 776 4112 833 4165; x_wconf 84' lang='lat' dir='ltr'><strong>lunc</strong></span> <span class='ocrx_word' id='word_1_384' title='bbox 843 4128 891 4165; x_wconf 90' lang='lat' dir='ltr'><strong>ae-</strong></span> 
     </span>
     <span class='ocr_line' id='line_1_54' title="bbox 90 4184 891 4263; baseline -0.012 -16"><span class='ocrx_word' id='word_1_385' title='bbox 90 4206 149 4247; x_wconf 93' lang='lat' dir='ltr'><strong>tem</strong></span> <span class='ocrx_word' id='word_1_386' title='bbox 174 4206 283 4263; x_wconf 80' lang='lat' dir='ltr'><strong>qrerem</strong></span> <span class='ocrx_word' id='word_1_387' title='bbox 310 4190 540 4261; x_wconf 78' lang='lat' dir='ltr'><strong>perniciosamque</strong></span> <span class='ocrx_word' id='word_1_388' title='bbox 568 4188 763 4256; x_wconf 82' lang='lat' dir='ltr'><strong>possessiouem</strong></span> <span class='ocrx_word' id='word_1_389' title='bbox 786 4184 891 4255; x_wconf 71' lang='lat' dir='ltr'><strong>adepte</strong></span> 
     </span>
     <span class='ocr_line' id='line_1_55' title="bbox 86 4256 890 4331; baseline -0.011 -13"><span class='ocrx_word' id='word_1_390' title='bbox 86 4272 168 4326; x_wconf 88' lang='lat' dir='ltr'><strong>strrrt,</strong></span> <span class='ocrx_word' id='word_1_391' title='bbox 196 4277 294 4331; x_wconf 91' lang='lat' dir='ltr'><strong>ucmpe</strong></span> <span class='ocrx_word' id='word_1_392' title='bbox 321 4259 567 4316; x_wconf 88' lang='lat' dir='ltr'><strong>immisericordiam</strong></span> <span class='ocrx_word' id='word_1_393' title='bbox 593 4256 798 4326; x_wconf 87' lang='lat' dir='ltr'><strong>Deoperesam,</strong></span> <span class='ocrx_word' id='word_1_394' title='bbox 829 4270 890 4323; x_wconf 80' lang='lat' dir='ltr'><strong>qtae</strong></span> 
     </span>
     <span class='ocr_line' id='line_1_56' title="bbox 86 4324 890 4407; baseline -0.017 -17"><span class='ocrx_word' id='word_1_395' title='bbox 86 4345 259 4390; x_wconf 82' lang='lat' dir='ltr'><strong>nieutoratas</strong></span> <span class='ocrx_word' id='word_1_396' title='bbox 273 4347 367 4388; x_wconf 88' lang='lat' dir='ltr'><strong>ornnes</strong></span> <span class='ocrx_word' id='word_1_397' title='bbox 376 4333 577 4397; x_wconf 86' lang='lat' dir='ltr'><strong>rirttrtesatqee</strong></span> <span class='ocrx_word' id='word_1_398' title='bbox 587 4327 699 4381; x_wconf 86' lang='lat' dir='ltr'><strong>sudores</strong></span> <span class='ocrx_word' id='word_1_399' title='bbox 713 4324 820 4407; x_wconf 77' lang='lat' dir='ltr'><strong>inutiles</strong></span> <span class='ocrx_word' id='word_1_400' title='bbox 827 4325 890 4407; x_wconf 68' lang='lat' dir='ltr'><strong>petl-</strong></span> 
     </span>
     <span class='ocr_line' id='line_1_57' title="bbox 84 4395 888 4465; baseline -0.016 -3"><span class='ocrx_word' id='word_1_401' title='bbox 84 4403 170 4462; x_wconf 87' lang='lat' dir='ltr'><strong>didit.</strong></span> <span class='ocrx_word' id='word_1_402' title='bbox 185 4403 209 4460; x_wconf 89' lang='lat'>0</span> <span class='ocrx_word' id='word_1_403' title='bbox 222 4403 455 4465; x_wconf 89' lang='lat' dir='ltr'><strong>immisericordia,</strong></span> <span class='ocrx_word' id='word_1_404' title='bbox 471 4409 498 4456; x_wconf 90' lang='lat' dir='ltr'><strong>ct</strong></span> <span class='ocrx_word' id='word_1_405' title='bbox 512 4397 624 4455; x_wconf 86' lang='lat' dir='ltr'><strong>iratruet</strong></span> <span class='ocrx_word' id='word_1_406' title='bbox 649 4403 676 4451; x_wconf 91' lang='lat' dir='ltr'><strong>et</strong></span> <span class='ocrx_word' id='word_1_407' title='bbox 690 4395 746 4450; x_wconf 85' lang='lat' dir='ltr'><strong>-bet</strong></span> <span class='ocrx_word' id='word_1_408' title='bbox 762 4408 867 4449; x_wconf 86' lang='lat' dir='ltr'><strong>ttrrmtca</strong></span> <span class='ocrx_word' id='word_1_409' title='bbox 880 4395 888 4449; x_wconf 92' lang='grc' dir='ltr'><strong>ι</strong></span> 
     </span>
     <span class='ocr_line' id='line_1_58' title="bbox 84 4465 891 4550; baseline -0.015 -18"><span class='ocrx_word' id='word_1_410' title='bbox 84 4493 105 4532; x_wconf 87' lang='grc' dir='ltr'>ο</span> <span class='ocrx_word' id='word_1_411' title='bbox 120 4476 349 4533; x_wconf 81' lang='grc' dir='ltr'>ιιιιιιιιιιιιιιιιιιιι</span> <span class='ocrx_word' id='word_1_412' title='bbox 365 4475 411 4528; x_wconf 87' lang='lat' dir='ltr'><strong>irae</strong></span> <span class='ocrx_word' id='word_1_413' title='bbox 426 4472 473 4527; x_wconf 84' lang='lat' dir='ltr'><strong>liei</strong></span> <span class='ocrx_word' id='word_1_414' title='bbox 487 4465 701 4550; x_wconf 79' lang='lat' dir='ltr'><strong>receptaculum!</strong></span> <span class='ocrx_word' id='word_1_415' title='bbox 716 4479 733 4520; x_wconf 91' lang='lat' dir='ltr'><strong>o</strong></span> <span class='ocrx_word' id='word_1_416' title='bbox 749 4466 891 4547; x_wconf 83' lang='lat' dir='ltr'><strong>immiseri-</strong></span> 
     </span>
     <span class='ocr_line' id='line_1_59' title="bbox 84 4539 887 4615; baseline -0.019 -11"><span class='ocrx_word' id='word_1_417' title='bbox 84 4547 200 4610; x_wconf 84' lang='lat' dir='ltr'><strong>cordia,</strong></span> <span class='ocrx_word' id='word_1_418' title='bbox 226 4561 286 4615; x_wconf 79' lang='lat' dir='ltr'><strong>qeae</strong></span> <span class='ocrx_word' id='word_1_419' title='bbox 302 4542 483 4598; x_wconf 88' lang='lat' dir='ltr'><strong>habitaculum</strong></span> <span class='ocrx_word' id='word_1_420' title='bbox 507 4539 588 4594; x_wconf 88' lang='lat' dir='ltr'><strong>hahet</strong></span> <span class='ocrx_word' id='word_1_421' title='bbox 602 4552 690 4604; x_wconf 79' lang='lat' dir='ltr'><strong>iguem</strong></span> <span class='ocrx_word' id='word_1_422' title='bbox 713 4544 887 4600; x_wconf 77' lang='lat' dir='ltr'><strong>exterrerent,</strong></span> 
     </span>
     <span class='ocr_line' id='line_1_60' title="bbox 84 4607 889 4680; baseline -0.014 -8"><span class='ocrx_word' id='word_1_423' title='bbox 84 4617 138 4673; x_wconf 90' lang='lat' dir='ltr'><strong>ubi</strong></span> <span class='ocrx_word' id='word_1_424' title='bbox 160 4613 241 4670; x_wconf 81' lang='lat' dir='ltr'><strong>lictus</strong></span> <span class='ocrx_word' id='word_1_425' title='bbox 264 4622 291 4669; x_wconf 92' lang='lat' dir='ltr'><strong>et</strong></span> <span class='ocrx_word' id='word_1_426' title='bbox 312 4614 411 4669; x_wconf 92' lang='lat' dir='ltr'><strong>stridor</strong></span> <span class='ocrx_word' id='word_1_427' title='bbox 425 4610 556 4667; x_wconf 89' lang='lat' dir='ltr'><strong>dentium.</strong></span> <span class='ocrx_word' id='word_1_428' title='bbox 573 4608 665 4663; x_wconf 82' lang='lat' dir='ltr'><strong>Vidisti</strong></span> <span class='ocrx_word' id='word_1_429' title='bbox 691 4607 889 4680; x_wconf 81' lang='lat' dir='ltr'><strong>possessiouem</strong></span> 
     </span>
     <span class='ocr_line' id='line_1_61' title="bbox 83 4679 890 4760; baseline -0.01 -19"><span class='ocrx_word' id='word_1_430' title='bbox 83 4701 155 4760; x_wconf 76' lang='lat' dir='ltr'><strong>qnae</strong></span> <span class='ocrx_word' id='word_1_431' title='bbox 177 4699 259 4756; x_wconf 88' lang='lat' dir='ltr'><strong>parra</strong></span> <span class='ocrx_word' id='word_1_432' title='bbox 273 4684 381 4756; x_wconf 87' lang='lat' dir='ltr'><strong>quidem</strong></span> <span class='ocrx_word' id='word_1_433' title='bbox 401 4683 523 4748; x_wconf 89' lang='lat' dir='ltr'><strong>ridetur,</strong></span> <span class='ocrx_word' id='word_1_434' title='bbox 545 4679 592 4736; x_wconf 87' lang='lat' dir='ltr'><strong>sed</strong></span> <span class='ocrx_word' id='word_1_435' title='bbox 608 4679 706 4732; x_wconf 89' lang='lat' dir='ltr'><strong>mtrltas</strong></span> <span class='ocrx_word' id='word_1_436' title='bbox 728 4691 890 4749; x_wconf 68' lang='lat' dir='ltr'><strong>materiasque</strong></span> 
     </span>
     <span class='ocr_line' id='line_1_62' title="bbox 83 4749 889 4826; baseline -0.012 -14"><span class='ocrx_word' id='word_1_437' title='bbox 83 4760 211 4814; x_wconf 83' lang='lat' dir='ltr'><strong>virtutes</strong></span> <span class='ocrx_word' id='word_1_438' title='bbox 223 4761 252 4812; x_wconf 91' lang='lat' dir='ltr'><strong>et</strong></span> <span class='ocrx_word' id='word_1_439' title='bbox 266 4757 335 4812; x_wconf 89' lang='lat' dir='ltr'><strong>hona</strong></span> <span class='ocrx_word' id='word_1_440' title='bbox 345 4767 426 4826; x_wconf 87' lang='lat' dir='ltr'><strong>opera</strong></span> <span class='ocrx_word' id='word_1_441' title='bbox 440 4749 731 4823; x_wconf 80' lang='lat' dir='ltr'><strong>pessumdatilhedite</strong></span> <span class='ocrx_word' id='word_1_442' title='bbox 744 4749 820 4812; x_wconf 88' lang='grc' dir='ltr'>ιιιιΙιι,</span> <span class='ocrx_word' id='word_1_443' title='bbox 834 4750 889 4803; x_wconf 88' lang='lat' dir='ltr'><strong>l&#39;ra·</strong></span> 
     </span>
     <span class='ocr_line' id='line_1_63' title="bbox 82 4819 890 4894; baseline -0.014 -9"><span class='ocrx_word' id='word_1_444' title='bbox 82 4840 160 4890; x_wconf 86' lang='lat' dir='ltr'><strong>tres,</strong></span> <span class='ocrx_word' id='word_1_445' title='bbox 174 4827 318 4884; x_wconf 87' lang='lat' dir='ltr'><strong>iermidine</strong></span> <span class='ocrx_word' id='word_1_446' title='bbox 331 4839 356 4882; x_wconf 88' lang='lat' dir='ltr'><strong>ct</strong></span> <span class='ocrx_word' id='word_1_447' title='bbox 368 4834 485 4882; x_wconf 90' lang='lat' dir='ltr'><strong>tremere</strong></span> <span class='ocrx_word' id='word_1_448' title='bbox 494 4823 632 4894; x_wconf 86' lang='lat' dir='ltr'><strong>perculsus</strong></span> <span class='ocrx_word' id='word_1_449' title='bbox 643 4835 713 4887; x_wconf 83' lang='lat' dir='ltr'><strong>serit,</strong></span> <span class='ocrx_word' id='word_1_450' title='bbox 730 4819 792 4873; x_wconf 92' lang='lat' dir='ltr'><strong>dem</strong></span> <span class='ocrx_word' id='word_1_451' title='bbox 801 4821 890 4888; x_wconf 74' lang='lat' dir='ltr'><strong>cogito</strong></span> 
     </span>
     <span class='ocr_line' id='line_1_64' title="bbox 81 4891 889 4972; baseline -0.009 -18"><span class='ocrx_word' id='word_1_452' title='bbox 81 4900 233 4972; x_wconf 82' lang='lat' dir='ltr'><strong>qtronrede</strong></span> <span class='ocrx_word' id='word_1_453' title='bbox 254 4901 305 4954; x_wconf 93' lang='lat' dir='ltr'><strong>hec</strong></span> <span class='ocrx_word' id='word_1_454' title='bbox 330 4913 412 4953; x_wconf 92' lang='lat' dir='ltr'><strong>uuum</strong></span> <span class='ocrx_word' id='word_1_455' title='bbox 439 4896 532 4950; x_wconf 88' lang='lat' dir='ltr'><strong>ritiuut</strong></span> <span class='ocrx_word' id='word_1_456' title='bbox 549 4895 638 4948; x_wconf 86' lang='grc' dir='ltr'>ιιιιιιιιι</span> <span class='ocrx_word' id='word_1_457' title='bbox 658 4891 703 4946; x_wconf 91' lang='lat' dir='ltr'><strong>illa</strong></span> <span class='ocrx_word' id='word_1_458' title='bbox 727 4899 800 4945; x_wconf 91' lang='lat' dir='ltr'><strong>recte</strong></span> <span class='ocrx_word' id='word_1_459' title='bbox 821 4891 889 4947; x_wconf 81' lang='lat' dir='ltr'><strong>lacta</strong></span> 
     </span>
     <span class='ocr_line' id='line_1_65' title="bbox 81 4960 889 5046; baseline -0.012 -20"><span class='ocrx_word' id='word_1_460' title='bbox 81 4972 203 5026; x_wconf 80' lang='lat' dir='ltr'><strong>inutilia</strong></span> <span class='ocrx_word' id='word_1_461' title='bbox 218 4979 246 5026; x_wconf 87' lang='lat' dir='ltr'><strong>et</strong></span> <span class='ocrx_word' id='word_1_462' title='bbox 259 4969 371 5041; x_wconf 84' lang='lat' dir='ltr'><strong>reproba</strong></span> <span class='ocrx_word' id='word_1_463' title='bbox 382 4967 518 5031; x_wconf 78' lang='lat' dir='ltr'><strong>exhibeat,</strong></span> <span class='ocrx_word' id='word_1_464' title='bbox 531 4975 558 5020; x_wconf 91' lang='lat' dir='ltr'><strong>et</strong></span> <span class='ocrx_word' id='word_1_465' title='bbox 568 4970 716 5020; x_wconf 77' lang='lat' dir='ltr'><strong>certatores</strong></span> <span class='ocrx_word' id='word_1_466' title='bbox 729 4962 834 5046; x_wconf 78' lang='lat' dir='ltr'><strong>igntrtos</strong></span> <span class='ocrx_word' id='word_1_467' title='bbox 847 4960 889 5046; x_wconf 72' lang='lat' dir='ltr'><strong>ei·</strong></span> 
     </span>
     <span class='ocr_line' id='line_1_66' title="bbox 81 5034 891 5099; baseline -0.009 -3"><span class='ocrx_word' id='word_1_468' title='bbox 81 5043 167 5096; x_wconf 88' lang='lat' dir='ltr'><strong>liciat</strong></span> <span class='ocrx_word' id='word_1_469' title='bbox 183 5059 191 5095; x_wconf 76' lang='grc' dir='ltr'><strong><em>ε</em></strong></span> <span class='ocrx_word' id='word_1_470' title='bbox 208 5042 350 5096; x_wconf 88' lang='lat' dir='ltr'><strong>audieruut</strong></span> <span class='ocrx_word' id='word_1_471' title='bbox 360 5041 431 5096; x_wconf 91' lang='lat' dir='ltr'><strong>enim</strong></span> <span class='ocrx_word' id='word_1_472' title='bbox 445 5037 508 5092; x_wconf 92' lang='lat' dir='ltr'><strong>iliud</strong></span> <span class='ocrx_word' id='word_1_473' title='bbox 524 5052 532 5090; x_wconf 78' lang='grc' dir='ltr'><strong>ι</strong></span> <span class='ocrx_word' id='word_1_474' title='bbox 546 5035 627 5090; x_wconf 83' lang='lat' dir='ltr'><strong>Amea</strong></span> <span class='ocrx_word' id='word_1_475' title='bbox 638 5034 695 5088; x_wconf 89' lang='lat' dir='ltr'><strong>dico</strong></span> <span class='ocrx_word' id='word_1_476' title='bbox 712 5034 789 5099; x_wconf 75' lang='lat' dir='ltr'><strong>ruhte,</strong></span> <span class='ocrx_word' id='word_1_477' title='bbox 806 5049 891 5089; x_wconf 85' lang='lat' dir='ltr'><strong>rtesrre</strong></span> 
     </span>
     <span class='ocr_line' id='line_1_67' title="bbox 80 5103 890 5179; baseline -0.009 -12"><span class='ocrx_word' id='word_1_478' title='bbox 80 5129 147 5167; x_wconf 80' lang='lat' dir='ltr'><strong>aas.</strong></span> <span class='ocrx_word' id='word_1_479' title='bbox 166 5112 238 5179; x_wconf 84' lang='lat' dir='ltr'><strong>Quid</strong></span> <span class='ocrx_word' id='word_1_480' title='bbox 262 5112 313 5167; x_wconf 89' lang='lat' dir='ltr'><strong>sibi</strong></span> <span class='ocrx_word' id='word_1_481' title='bbox 340 5112 396 5166; x_wconf 89' lang='lat' dir='ltr'><strong>ruit</strong></span> <span class='ocrx_word' id='word_1_482' title='bbox 412 5107 495 5166; x_wconf 85' lang='lat' dir='ltr'><strong>ilhtdi</strong></span> <span class='ocrx_word' id='word_1_483' title='bbox 514 5105 571 5162; x_wconf 88' lang='lat' dir='ltr'><strong>Non</strong></span> <span class='ocrx_word' id='word_1_484' title='bbox 587 5107 664 5176; x_wconf 66' lang='lat' dir='ltr'><strong>rqrtcrd⁸</strong></span> <span class='ocrx_word' id='word_1_485' title='bbox 683 5106 787 5174; x_wconf 75' lang='lat' dir='ltr'><strong>ignoret</strong></span> <span class='ocrx_word' id='word_1_486' title='bbox 802 5103 824 5159; x_wconf 88' lang='lat' dir='ltr'><strong>is</strong></span> <span class='ocrx_word' id='word_1_487' title='bbox 843 5105 890 5176; x_wconf 89' lang='lat' dir='ltr'><strong>qul</strong></span> 
     </span>
     <span class='ocr_line' id='line_1_68' title="bbox 78 5175 890 5251; baseline -0.01 -12"><span class='ocrx_word' id='word_1_488' title='bbox 78 5183 187 5239; x_wconf 88' lang='lat' dir='ltr'><strong>omnia</strong></span> <span class='ocrx_word' id='word_1_489' title='bbox 201 5181 273 5237; x_wconf 79' lang='lat' dir='ltr'><strong>eterit</strong></span> <span class='ocrx_word' id='word_1_490' title='bbox 287 5192 429 5251; x_wconf 87' lang='lat' dir='ltr'><strong>antequam</strong></span> <span class='ocrx_word' id='word_1_491' title='bbox 444 5185 517 5244; x_wconf 90' lang='lat' dir='ltr'><strong>liant,</strong></span> <span class='ocrx_word' id='word_1_492' title='bbox 527 5177 573 5233; x_wconf 90' lang='lat' dir='ltr'><strong>sed</strong></span> <span class='ocrx_word' id='word_1_493' title='bbox 584 5177 656 5249; x_wconf 79' lang='lat' dir='ltr'><strong>quiid</strong></span> <span class='ocrx_word' id='word_1_494' title='bbox 671 5175 729 5230; x_wconf 83' lang='lat' dir='ltr'><strong>hau:</strong></span> <span class='ocrx_word' id='word_1_495' title='bbox 743 5178 890 5231; x_wconf 84' lang='lat' dir='ltr'><strong>certamina</strong></span> 
     </span>
     <span class='ocr_line' id='line_1_69' title="bbox 77 5243 890 5326; baseline -0.011 -15"><span class='ocrx_word' id='word_1_496' title='bbox 77 5269 147 5311; x_wconf 92' lang='lat' dir='ltr'><strong>non</strong></span> <span class='ocrx_word' id='word_1_497' title='bbox 163 5263 277 5326; x_wconf 88' lang='lat' dir='ltr'><strong>prepter</strong></span> <span class='ocrx_word' id='word_1_498' title='bbox 298 5252 385 5323; x_wconf 88' lang='lat' dir='ltr'><strong>ipsum</strong></span> <span class='ocrx_word' id='word_1_499' title='bbox 408 5258 533 5319; x_wconf 89' lang='lat' dir='ltr'><strong>suscepta</strong></span> <span class='ocrx_word' id='word_1_500' title='bbox 552 5250 622 5314; x_wconf 88' lang='lat' dir='ltr'><strong>sint,</strong></span> <span class='ocrx_word' id='word_1_501' title='bbox 637 5247 683 5302; x_wconf 88' lang='lat' dir='ltr'><strong>sed</strong></span> <span class='ocrx_word' id='word_1_502' title='bbox 699 5243 731 5300; x_wconf 89' lang='lat' dir='ltr'><strong>ad</strong></span> <span class='ocrx_word' id='word_1_503' title='bbox 747 5248 890 5302; x_wconf 75' lang='lat' dir='ltr'><strong>licinianam</strong></span> 
     </span>
     <span class='ocr_line' id='line_1_70' title="bbox 76 5315 891 5390; baseline -0.007 -10"><span class='ocrx_word' id='word_1_504' title='bbox 76 5325 319 5390; x_wconf 84' lang='lat' dir='ltr'><strong>ostentationem,</strong></span> <span class='ocrx_word' id='word_1_505' title='bbox 336 5341 388 5378; x_wconf 93' lang='lat' dir='ltr'><strong>nen</strong></span> <span class='ocrx_word' id='word_1_506' title='bbox 400 5339 434 5378; x_wconf 82' lang='lat' dir='ltr'><strong>ex</strong></span> <span class='ocrx_word' id='word_1_507' title='bbox 445 5335 536 5376; x_wconf 77' lang='lat' dir='ltr'><strong>atraere</strong></span> <span class='ocrx_word' id='word_1_508' title='bbox 548 5319 605 5374; x_wconf 90' lang='lat' dir='ltr'><strong>llei.</strong></span> <span class='ocrx_word' id='word_1_509' title='bbox 627 5315 817 5388; x_wconf 81' lang='lat' dir='ltr'><strong>Quamobrem,</strong></span> <span class='ocrx_word' id='word_1_510' title='bbox 831 5330 891 5388; x_wconf 80' lang='lat' dir='ltr'><strong>rpite</strong></span> 
     </span>
     <span class='ocr_line' id='line_1_71' title="bbox 76 5391 891 5454; baseline -0.012 0"><span class='ocrx_word' id='word_1_511' title='bbox 76 5395 321 5454; x_wconf 87' lang='lat' dir='ltr'><strong>inhumanitatem</strong></span> <span class='ocrx_word' id='word_1_512' title='bbox 335 5393 369 5450; x_wconf 93' lang='lat' dir='ltr'><strong>ad</strong></span> <span class='ocrx_word' id='word_1_513' title='bbox 378 5392 520 5451; x_wconf 89' lang='lat' dir='ltr'><strong>consilium</strong></span> <span class='ocrx_word' id='word_1_514' title='bbox 532 5391 720 5452; x_wconf 86' lang='lat' dir='ltr'><strong>adhibuerant,</strong></span> <span class='ocrx_word' id='word_1_515' title='bbox 734 5402 788 5442; x_wconf 91' lang='grc' dir='ltr'>ιιοιι</span> <span class='ocrx_word' id='word_1_516' title='bbox 802 5403 817 5444; x_wconf 90' lang='lat' dir='ltr'><strong>a</strong></span> <span class='ocrx_word' id='word_1_517' title='bbox 836 5403 891 5444; x_wconf 77' lang='lat' dir='ltr'><strong>cte·</strong></span> 
     </span>
     <span class='ocr_line' id='line_1_72' title="bbox 74 5461 891 5537; baseline -0.017 -11"><span class='ocrx_word' id='word_1_518' title='bbox 74 5467 153 5526; x_wconf 86' lang='lat' dir='ltr'><strong>lesti</strong></span> <span class='ocrx_word' id='word_1_519' title='bbox 172 5483 276 5537; x_wconf 85' lang='lat' dir='ltr'><strong>sponso</strong></span> <span class='ocrx_word' id='word_1_520' title='bbox 291 5476 393 5522; x_wconf 90' lang='lat' dir='ltr'><strong>tarttum</strong></span> <span class='ocrx_word' id='word_1_521' title='bbox 415 5465 612 5535; x_wconf 76' lang='lat' dir='ltr'><strong>privatassunt,</strong></span> <span class='ocrx_word' id='word_1_522' title='bbox 634 5461 777 5516; x_wconf 89' lang='lat' dir='ltr'><strong>sedetiam</strong></span> <span class='ocrx_word' id='word_1_523' title='bbox 801 5473 891 5530; x_wconf 87' lang='lat' dir='ltr'><strong>aspe-</strong></span> 
     </span>
     <span class='ocr_line' id='line_1_73' title="bbox 76 5528 891 5608; baseline -0.013 -11"><span class='ocrx_word' id='word_1_524' title='bbox 76 5538 245 5597; x_wconf 88' lang='lat' dir='ltr'><strong>ciosissimi</strong></span> <span class='ocrx_word' id='word_1_525' title='bbox 261 5536 377 5608; x_wconf 56' lang='lat' dir='ltr'><strong>paredi-&gt;i</strong></span> <span class='ocrx_word' id='word_1_526' title='bbox 404 5533 558 5607; x_wconf 84' lang='lat' dir='ltr'><strong>spectaculo</strong></span> <span class='ocrx_word' id='word_1_527' title='bbox 585 5531 738 5589; x_wconf 89' lang='lat' dir='ltr'><strong>insatiabili.</strong></span> <span class='ocrx_word' id='word_1_528' title='bbox 755 5528 802 5586; x_wconf 85' lang='lat' dir='ltr'><strong>unt</strong></span> <span class='ocrx_word' id='word_1_529' title='bbox 818 5531 891 5586; x_wconf 90' lang='lat' dir='ltr'><strong>euim</strong></span> 
     </span>
     <span class='ocr_line' id='line_1_74' title="bbox 74 5602 893 5679; baseline -0.015 -13"><span class='ocrx_word' id='word_1_530' title='bbox 74 5613 153 5666; x_wconf 88' lang='lat' dir='ltr'><strong>sine</strong></span> <span class='ocrx_word' id='word_1_531' title='bbox 169 5610 284 5664; x_wconf 86' lang='lat' dir='ltr'><strong>caritate</strong></span> <span class='ocrx_word' id='word_1_532' title='bbox 294 5609 400 5679; x_wconf 87' lang='lat' dir='ltr'><strong>quidvis</strong></span> <span class='ocrx_word' id='word_1_533' title='bbox 414 5606 559 5678; x_wconf 86' lang='lat' dir='ltr'><strong>perlicitur,</strong></span> <span class='ocrx_word' id='word_1_534' title='bbox 581 5605 616 5659; x_wconf 92' lang='lat' dir='ltr'><strong>ibi</strong></span> <span class='ocrx_word' id='word_1_535' title='bbox 636 5603 760 5658; x_wconf 85' lang='lat' dir='ltr'><strong>Christus</strong></span> <span class='ocrx_word' id='word_1_536' title='bbox 775 5617 827 5655; x_wconf 80' lang='lat' dir='ltr'><strong>urm</strong></span> <span class='ocrx_word' id='word_1_537' title='bbox 844 5602 893 5656; x_wconf 91' lang='lat' dir='ltr'><strong>ha·</strong></span> 
     </span>
     <span class='ocr_line' id='line_1_75' title="bbox 71 5672 893 5750; baseline -0.023 -12"><span class='ocrx_word' id='word_1_538' title='bbox 71 5684 136 5742; x_wconf 85' lang='lat' dir='ltr'><strong>bet</strong></span> <span class='ocrx_word' id='word_1_539' title='bbox 154 5681 204 5736; x_wconf 90' lang='lat' dir='ltr'><strong>ubi</strong></span> <span class='ocrx_word' id='word_1_540' title='bbox 217 5690 295 5750; x_wconf 74' lang='lat' dir='ltr'><strong>eaput</strong></span> <span class='ocrx_word' id='word_1_541' title='bbox 310 5695 389 5734; x_wconf 90' lang='lat' dir='ltr'><strong>suurn</strong></span> <span class='ocrx_word' id='word_1_542' title='bbox 402 5679 522 5735; x_wconf 87' lang='lat' dir='ltr'><strong>reclinet.</strong></span> <span class='ocrx_word' id='word_1_543' title='bbox 536 5675 648 5745; x_wconf 75' lang='lat' dir='ltr'><strong>lantque</strong></span> <span class='ocrx_word' id='word_1_544' title='bbox 668 5673 848 5728; x_wconf 84' lang='lat' dir='ltr'><strong>inhumanitas</strong></span> <span class='ocrx_word' id='word_1_545' title='bbox 860 5672 893 5729; x_wconf 74' lang='lat' dir='ltr'><strong>li.</strong></span> 
     </span>
     <span class='ocr_line' id='line_1_76' title="bbox 72 5743 894 5816; baseline -0.012 -6"><span class='ocrx_word' id='word_1_546' title='bbox 72 5756 230 5810; x_wconf 86' lang='lat' dir='ltr'><strong>bertatem</strong></span> <span class='ocrx_word' id='word_1_547' title='bbox 245 5761 332 5814; x_wconf 87' lang='lat' dir='ltr'><strong>nacta,</strong></span> <span class='ocrx_word' id='word_1_548' title='bbox 349 5751 439 5807; x_wconf 88' lang='lat' dir='ltr'><strong>lecum</strong></span> <span class='ocrx_word' id='word_1_549' title='bbox 452 5751 509 5804; x_wconf 90' lang='lat' dir='ltr'><strong>siue</strong></span> <span class='ocrx_word' id='word_1_550' title='bbox 521 5749 640 5803; x_wconf 74' lang='lat' dir='ltr'><strong>custode</strong></span> <span class='ocrx_word' id='word_1_551' title='bbox 651 5753 786 5816; x_wconf 89' lang='lat' dir='ltr'><strong>repertum</strong></span> <span class='ocrx_word' id='word_1_552' title='bbox 800 5743 894 5800; x_wconf 86' lang='lat' dir='ltr'><strong>corde-</strong></span> 
     </span>
     <span class='ocr_line' id='line_1_77' title="bbox 70 5816 893 5890; baseline -0.012 -8"><span class='ocrx_word' id='word_1_553' title='bbox 70 5827 156 5882; x_wconf 81' lang='lat' dir='ltr'><strong>stiut</strong></span> <span class='ocrx_word' id='word_1_554' title='bbox 167 5823 293 5879; x_wconf 88' lang='lat' dir='ltr'><strong>insiliens</strong></span> <span class='ocrx_word' id='word_1_555' title='bbox 300 5833 413 5890; x_wconf 74' lang='lat' dir='ltr'><strong>‹icetrqrat</strong></span> <span class='ocrx_word' id='word_1_556' title='bbox 421 5831 449 5878; x_wconf 87' lang='lat' dir='ltr'><strong>et</strong></span> <span class='ocrx_word' id='word_1_557' title='bbox 460 5835 519 5876; x_wconf 92' lang='lat' dir='ltr'><strong>curu</strong></span> <span class='ocrx_word' id='word_1_558' title='bbox 535 5817 648 5888; x_wconf 90' lang='lat' dir='ltr'><strong>imperio</strong></span> <span class='ocrx_word' id='word_1_559' title='bbox 662 5825 745 5879; x_wconf 87' lang='lat' dir='ltr'><strong>tenet,</strong></span> <span class='ocrx_word' id='word_1_560' title='bbox 753 5816 893 5872; x_wconf 88' lang='lat' dir='ltr'><strong>caritatem</strong></span> 
     </span>
     <span class='ocr_line' id='line_1_78' title="bbox 72 5886 893 5970; baseline -0.017 -15"><span class='ocrx_word' id='word_1_561' title='bbox 72 5895 221 5970; x_wconf 60' lang='lat' dir='ltr'><strong>expiellit,</strong></span> <span class='ocrx_word' id='word_1_562' title='bbox 238 5892 499 5953; x_wconf 81' lang='lat' dir='ltr'><strong>corruuiseratioeeur</strong></span> <span class='ocrx_word' id='word_1_563' title='bbox 513 5889 596 5962; x_wconf 76' lang='lat' dir='ltr'><strong>sugat,</strong></span> <span class='ocrx_word' id='word_1_564' title='bbox 611 5887 822 5944; x_wconf 81' lang='lat' dir='ltr'><strong>misericetdtam</strong></span> <span class='ocrx_word' id='word_1_565' title='bbox 841 5886 893 5942; x_wconf 92' lang='lat' dir='ltr'><strong>eli·</strong></span> 
     </span>
    </p>
   </div>
   <div class='ocr_carea' id='block_1_5' title="bbox 775 363 1072 441">
    <p class='ocr_par' dir='ltr' id='par_1_5' title="bbox 775 363 1072 441">
     <span class='ocr_line' id='line_1_79' title="bbox 775 363 1072 441; baseline 0 -4"><span class='ocrx_word' id='word_1_566' title='bbox 775 380 820 438; x_wconf 85' lang='lat' dir='ltr'><strong>ue</strong></span> <span class='ocrx_word' id='word_1_567' title='bbox 839 363 1072 441; x_wconf 83' lang='grc' dir='ltr'>ιιιιιιιιιιι.</span> 
     </span>
    </p>
   </div>
   <div class='ocr_carea' id='block_1_6' title="bbox 1695 384 1749 443">
    <p class='ocr_par' dir='ltr' id='par_1_6' title="bbox 1695 384 1749 443">
     <span class='ocr_line' id='line_1_80' title="bbox 1695 384 1749 443; baseline 0.037 -2"><span class='ocrx_word' id='word_1_568' title='bbox 1695 384 1749 443; x_wconf 79' lang='grc'><strong>690</strong></span> 
     </span>
    </p>
   </div>
   <div class='ocr_carea' id='block_1_7' title="bbox 943 494 1803 3905">
    <p class='ocr_par' dir='ltr' id='par_1_7' title="bbox 943 494 1803 3905">
     <span class='ocr_line' id='line_1_81' title="bbox 948 494 1748 573; baseline 0.009 -20"><span class='ocrx_word' id='word_1_569' title='bbox 948 498 1042 561; x_wconf 88' lang='lat' dir='ltr'><strong>minat,</strong></span> <span class='ocrx_word' id='word_1_570' title='bbox 1055 494 1180 569; x_wconf 72' lang='lat' dir='ltr'><strong>angelum</strong></span> <span class='ocrx_word' id='word_1_571' title='bbox 1195 498 1267 569; x_wconf 89' lang='lat' dir='ltr'><strong>pacis</strong></span> <span class='ocrx_word' id='word_1_572' title='bbox 1281 498 1407 557; x_wconf 86' lang='lat' dir='ltr'><strong>recedere</strong></span> <span class='ocrx_word' id='word_1_573' title='bbox 1422 500 1494 573; x_wconf 76' lang='lat' dir='ltr'><strong>cogit</strong></span> <span class='ocrx_word' id='word_1_574' title='bbox 1510 517 1517 555; x_wconf 84' lang='lat' dir='ltr'><strong>t</strong></span> <span class='ocrx_word' id='word_1_575' title='bbox 1533 510 1566 557; x_wconf 84' lang='lat' dir='ltr'><strong>ec</strong></span> <span class='ocrx_word' id='word_1_576' title='bbox 1578 498 1686 557; x_wconf 89' lang='lat' dir='ltr'><strong>demum</strong></span> <span class='ocrx_word' id='word_1_577' title='bbox 1701 502 1748 560; x_wconf 92' lang='lat' dir='ltr'><strong>ubi</strong></span> 
     </span>
     <span class='ocr_line' id='line_1_82' title="bbox 947 568 1743 635; baseline 0.008 -12"><span class='ocrx_word' id='word_1_578' title='bbox 947 570 1023 624; x_wconf 90' lang='lat' dir='ltr'><strong>loces</strong></span> <span class='ocrx_word' id='word_1_579' title='bbox 1039 568 1085 623; x_wconf 84' lang='lat' dir='ltr'><strong>Dei</strong></span> <span class='ocrx_word' id='word_1_580' title='bbox 1101 583 1193 624; x_wconf 91' lang='lat' dir='ltr'><strong>amere</strong></span> <span class='ocrx_word' id='word_1_581' title='bbox 1213 577 1240 625; x_wconf 90' lang='lat' dir='ltr'><strong>et</strong></span> <span class='ocrx_word' id='word_1_582' title='bbox 1255 571 1437 627; x_wconf 89' lang='lat' dir='ltr'><strong>rttiserieerdia</strong></span> <span class='ocrx_word' id='word_1_583' title='bbox 1461 586 1560 627; x_wconf 87' lang='lat' dir='ltr'><strong>uacuus</strong></span> <span class='ocrx_word' id='word_1_584' title='bbox 1573 581 1630 635; x_wconf 89' lang='lat' dir='ltr'><strong>est,</strong></span> <span class='ocrx_word' id='word_1_585' title='bbox 1645 572 1743 629; x_wconf 84' lang='lat' dir='ltr'><strong>demus</strong></span> 
     </span>
     <span class='ocr_line' id='line_1_83' title="bbox 947 638 1743 713; baseline 0.009 -19"><span class='ocrx_word' id='word_1_586' title='bbox 947 640 1053 695; x_wconf 88' lang='lat' dir='ltr'><strong>deserta</strong></span> <span class='ocrx_word' id='word_1_587' title='bbox 1068 638 1096 693; x_wconf 84' lang='grc' dir='ltr'><strong>ιιι</strong></span> <span class='ocrx_word' id='word_1_588' title='bbox 1109 639 1291 697; x_wconf 90' lang='lat' dir='ltr'><strong>habitaculum</strong></span> <span class='ocrx_word' id='word_1_589' title='bbox 1303 644 1391 697; x_wconf 88' lang='lat' dir='ltr'><strong>erneis</strong></span> <span class='ocrx_word' id='word_1_590' title='bbox 1404 642 1460 698; x_wconf 83' lang='lat' dir='ltr'><strong>uitii</strong></span> <span class='ocrx_word' id='word_1_591' title='bbox 1474 650 1501 699; x_wconf 91' lang='lat' dir='ltr'><strong>et</strong></span> <span class='ocrx_word' id='word_1_592' title='bbox 1513 643 1608 713; x_wconf 89' lang='lat' dir='ltr'><strong>impuri</strong></span> <span class='ocrx_word' id='word_1_593' title='bbox 1621 642 1743 713; x_wconf 88' lang='lat' dir='ltr'><strong>spiritus,</strong></span> 
     </span>
     <span class='ocr_line' id='line_1_84' title="bbox 949 711 1743 784; baseline 0.005 -19"><span class='ocrx_word' id='word_1_594' title='bbox 949 721 1020 767; x_wconf 87' lang='lat' dir='ltr'><strong>terra</strong></span> <span class='ocrx_word' id='word_1_595' title='bbox 1037 711 1123 766; x_wconf 90' lang='lat' dir='ltr'><strong>aliena</strong></span> <span class='ocrx_word' id='word_1_596' title='bbox 1137 722 1164 765; x_wconf 95' lang='lat' dir='ltr'><strong>et</strong></span> <span class='ocrx_word' id='word_1_597' title='bbox 1178 721 1249 769; x_wconf 90' lang='lat' dir='ltr'><strong>terra</strong></span> <span class='ocrx_word' id='word_1_598' title='bbox 1263 714 1416 771; x_wconf 88' lang='lat' dir='ltr'><strong>eblirients.</strong></span> <span class='ocrx_word' id='word_1_599' title='bbox 1429 714 1473 768; x_wconf 85' lang='grc' dir='ltr'>ιιιιι</span> <span class='ocrx_word' id='word_1_600' title='bbox 1491 714 1561 769; x_wconf 82' lang='lat' dir='ltr'><strong>betis</strong></span> <span class='ocrx_word' id='word_1_601' title='bbox 1575 728 1627 767; x_wconf 86' lang='grc' dir='ltr'>ιιιιιι</span> <span class='ocrx_word' id='word_1_602' title='bbox 1639 730 1743 784; x_wconf 77' lang='lat' dir='ltr'><strong>coguo-</strong></span> 
     </span>
     <span class='ocr_line' id='line_1_85' title="bbox 948 780 1746 855; baseline 0.006 -20"><span class='ocrx_word' id='word_1_603' title='bbox 948 783 1042 837; x_wconf 91' lang='lat' dir='ltr'><strong>scitur.</strong></span> <span class='ocrx_word' id='word_1_604' title='bbox 1059 780 1229 852; x_wconf 84' lang='lat' dir='ltr'><strong>Quapropter</strong></span> <span class='ocrx_word' id='word_1_605' title='bbox 1241 784 1353 839; x_wconf 90' lang='lat' dir='ltr'><strong>audient</strong></span> <span class='ocrx_word' id='word_1_606' title='bbox 1381 786 1457 848; x_wconf 93' lang='lat' dir='ltr'><strong>illud,</strong></span> <span class='ocrx_word' id='word_1_607' title='bbox 1472 782 1624 841; x_wconf 80' lang='lat' dir='ltr'><strong>Nescierat</strong></span> <span class='ocrx_word' id='word_1_608' title='bbox 1637 784 1746 855; x_wconf 84' lang='lat' dir='ltr'><strong>(dietih.</strong></span> 
     </span>
     <span class='ocr_line' id='line_1_86' title="bbox 947 852 1746 928; baseline 0.006 -21"><span class='ocrx_word' id='word_1_609' title='bbox 947 853 994 908; x_wconf 67' lang='grc' dir='ltr'><strong>ιι.</strong></span> <span class='ocrx_word' id='word_1_610' title='bbox 1009 852 1065 921; x_wconf 67' lang='grc' dir='ltr'>ιι).</span> <span class='ocrx_word' id='word_1_611' title='bbox 1079 856 1101 907; x_wconf 91' lang='lat' dir='ltr'><strong>u</strong></span> <span class='ocrx_word' id='word_1_612' title='bbox 1114 854 1257 911; x_wconf 90' lang='lat' dir='ltr'><strong>irmueuem</strong></span> <span class='ocrx_word' id='word_1_613' title='bbox 1280 854 1365 911; x_wconf 85' lang='lat' dir='ltr'><strong>ierant</strong></span> <span class='ocrx_word' id='word_1_614' title='bbox 1375 856 1510 928; x_wconf 82' lang='lat' dir='ltr'><strong>iqrtalrut·</strong></span> <span class='ocrx_word' id='word_1_615' title='bbox 1521 856 1606 911; x_wconf 75' lang='lat' dir='ltr'><strong>rieeae</strong></span> <span class='ocrx_word' id='word_1_616' title='bbox 1629 854 1746 912; x_wconf 87' lang='lat' dir='ltr'><strong>leuctum</strong></span> 
     </span>
     <span class='ocr_line' id='line_1_87' title="bbox 947 924 1746 998; baseline 0.005 -19"><span class='ocrx_word' id='word_1_617' title='bbox 947 924 1078 993; x_wconf 88' lang='lat' dir='ltr'><strong>corrupit,</strong></span> <span class='ocrx_word' id='word_1_618' title='bbox 1094 940 1143 979; x_wconf 91' lang='lat' dir='ltr'><strong>nec</strong></span> <span class='ocrx_word' id='word_1_619' title='bbox 1164 929 1258 979; x_wconf 86' lang='lat' dir='ltr'><strong>satiata</strong></span> <span class='ocrx_word' id='word_1_620' title='bbox 1273 928 1332 983; x_wconf 87' lang='lat' dir='ltr'><strong>esti</strong></span> <span class='ocrx_word' id='word_1_621' title='bbox 1347 926 1409 982; x_wconf 86' lang='lat' dir='ltr'><strong>llec</strong></span> <span class='ocrx_word' id='word_1_622' title='bbox 1424 930 1494 982; x_wconf 90' lang='lat' dir='ltr'><strong>euim</strong></span> <span class='ocrx_word' id='word_1_623' title='bbox 1512 938 1594 981; x_wconf 89' lang='lat' dir='ltr'><strong>tetam</strong></span> <span class='ocrx_word' id='word_1_624' title='bbox 1609 943 1668 998; x_wconf 78' lang='lat' dir='ltr'><strong>que</strong></span> <span class='ocrx_word' id='word_1_625' title='bbox 1682 943 1696 983; x_wconf 85' lang='lat' dir='ltr'><strong>a</strong></span> <span class='ocrx_word' id='word_1_626' title='bbox 1708 928 1746 983; x_wconf 89' lang='lat' dir='ltr'><strong>si·</strong></span> 
     </span>
     <span class='ocr_line' id='line_1_88' title="bbox 948 994 1745 1069; baseline 0.008 -20"><span class='ocrx_word' id='word_1_627' title='bbox 948 994 1040 1049; x_wconf 89' lang='lat' dir='ltr'><strong>nistris</strong></span> <span class='ocrx_word' id='word_1_628' title='bbox 1054 1006 1112 1049; x_wconf 89' lang='lat' dir='ltr'><strong>erat</strong></span> <span class='ocrx_word' id='word_1_629' title='bbox 1127 998 1232 1051; x_wconf 90' lang='lat' dir='ltr'><strong>turdtitn</strong></span> <span class='ocrx_word' id='word_1_630' title='bbox 1245 998 1324 1054; x_wconf 90' lang='lat' dir='ltr'><strong>linem</strong></span> <span class='ocrx_word' id='word_1_631' title='bbox 1349 998 1507 1063; x_wconf 80' lang='lat' dir='ltr'><strong>devorarit,</strong></span> <span class='ocrx_word' id='word_1_632' title='bbox 1531 1000 1634 1069; x_wconf 85' lang='lat' dir='ltr'><strong>ipsique</strong></span> <span class='ocrx_word' id='word_1_633' title='bbox 1655 1000 1745 1068; x_wconf 70' lang='lat' dir='ltr'><strong>ignem</strong></span> 
     </span>
     <span class='ocr_line' id='line_1_89' title="bbox 948 1068 1744 1141; baseline 0.006 -22"><span class='ocrx_word' id='word_1_634' title='bbox 948 1074 1077 1120; x_wconf 86' lang='lat' dir='ltr'><strong>:eternum</strong></span> <span class='ocrx_word' id='word_1_635' title='bbox 1094 1068 1266 1123; x_wconf 87' lang='lat' dir='ltr'><strong>cutrciliarit:</strong></span> <span class='ocrx_word' id='word_1_636' title='bbox 1283 1068 1340 1123; x_wconf 87' lang='lat' dir='ltr'><strong>lucc</strong></span> <span class='ocrx_word' id='word_1_637' title='bbox 1351 1071 1459 1125; x_wconf 91' lang='lat' dir='ltr'><strong>inreete</strong></span> <span class='ocrx_word' id='word_1_638' title='bbox 1472 1071 1498 1124; x_wconf 93' lang='lat' dir='ltr'><strong>iu</strong></span> <span class='ocrx_word' id='word_1_639' title='bbox 1524 1072 1641 1141; x_wconf 84' lang='lat' dir='ltr'><strong>quinque</strong></span> <span class='ocrx_word' id='word_1_640' title='bbox 1657 1072 1744 1124; x_wconf 83' lang='lat' dir='ltr'><strong>tattia-</strong></span> 
     </span>
     <span class='ocr_line' id='line_1_90' title="bbox 947 1138 1746 1211; baseline 0.01 -24"><span class='ocrx_word' id='word_1_641' title='bbox 947 1151 1007 1189; x_wconf 92' lang='lat' dir='ltr'><strong>rem</strong></span> <span class='ocrx_word' id='word_1_642' title='bbox 1025 1138 1157 1209; x_wconf 80' lang='lat' dir='ltr'><strong>rirqieuur</strong></span> <span class='ocrx_word' id='word_1_643' title='bbox 1171 1140 1267 1195; x_wconf 80' lang='lat' dir='ltr'><strong>areimis</strong></span> <span class='ocrx_word' id='word_1_644' title='bbox 1284 1140 1353 1202; x_wconf 90' lang='lat' dir='ltr'><strong>lece,</strong></span> <span class='ocrx_word' id='word_1_645' title='bbox 1375 1157 1435 1196; x_wconf 87' lang='lat' dir='ltr'><strong>cete</strong></span> <span class='ocrx_word' id='word_1_646' title='bbox 1452 1143 1524 1211; x_wconf 83' lang='lat' dir='ltr'><strong>ipsas</strong></span> <span class='ocrx_word' id='word_1_647' title='bbox 1539 1142 1746 1210; x_wconf 89' lang='lat' dir='ltr'><strong>discipulassibi</strong></span> 
     </span>
     <span class='ocr_line' id='line_1_91' title="bbox 948 1205 1745 1283; baseline 0.008 -22"><span class='ocrx_word' id='word_1_648' title='bbox 948 1205 1066 1273; x_wconf 57' lang='lat' dir='ltr'><strong>iecisset,</strong></span> <span class='ocrx_word' id='word_1_649' title='bbox 1077 1218 1103 1263; x_wconf 90' lang='lat' dir='ltr'><strong>et</strong></span> <span class='ocrx_word' id='word_1_650' title='bbox 1117 1210 1242 1278; x_wconf 89' lang='lat' dir='ltr'><strong>uttptialis</strong></span> <span class='ocrx_word' id='word_1_651' title='bbox 1256 1210 1364 1267; x_wconf 88' lang='lat' dir='ltr'><strong>thalami</strong></span> <span class='ocrx_word' id='word_1_652' title='bbox 1380 1213 1629 1281; x_wconf 85' lang='lat' dir='ltr'><strong>pertasclausisset,</strong></span> <span class='ocrx_word' id='word_1_653' title='bbox 1641 1214 1745 1283; x_wconf 77' lang='lat' dir='ltr'><strong>igntttas</strong></span> 
     </span>
     <span class='ocr_line' id='line_1_92' title="bbox 948 1278 1746 1351; baseline 0.008 -20"><span class='ocrx_word' id='word_1_654' title='bbox 948 1278 1009 1331; x_wconf 91' lang='lat' dir='ltr'><strong>illas</strong></span> <span class='ocrx_word' id='word_1_655' title='bbox 1032 1294 1132 1345; x_wconf 87' lang='lat' dir='ltr'><strong>sponso</strong></span> <span class='ocrx_word' id='word_1_656' title='bbox 1158 1280 1282 1336; x_wconf 89' lang='lat' dir='ltr'><strong>reddidit.</strong></span> <span class='ocrx_word' id='word_1_657' title='bbox 1310 1282 1495 1351; x_wconf 84' lang='lat' dir='ltr'><strong>Opessimatu</strong></span> <span class='ocrx_word' id='word_1_658' title='bbox 1518 1292 1545 1339; x_wconf 92' lang='lat' dir='ltr'><strong>et</strong></span> <span class='ocrx_word' id='word_1_659' title='bbox 1568 1283 1746 1339; x_wconf 80' lang='lat' dir='ltr'><strong>insatiabilem</strong></span> 
     </span>
     <span class='ocr_line' id='line_1_93' title="bbox 947 1348 1742 1424; baseline 0.009 -22"><span class='ocrx_word' id='word_1_660' title='bbox 947 1348 1047 1403; x_wconf 82' lang='lat' dir='ltr'><strong>leram!</strong></span> <span class='ocrx_word' id='word_1_661' title='bbox 1062 1366 1140 1419; x_wconf 91' lang='lat' dir='ltr'><strong>quam</strong></span> <span class='ocrx_word' id='word_1_662' title='bbox 1155 1352 1255 1407; x_wconf 87' lang='lat' dir='ltr'><strong>multos</strong></span> <span class='ocrx_word' id='word_1_663' title='bbox 1269 1353 1417 1420; x_wconf 80' lang='lat' dir='ltr'><strong>devorarit,</strong></span> <span class='ocrx_word' id='word_1_664' title='bbox 1433 1370 1511 1424; x_wconf 89' lang='lat' dir='ltr'><strong>quum</strong></span> <span class='ocrx_word' id='word_1_665' title='bbox 1522 1354 1620 1410; x_wconf 91' lang='lat' dir='ltr'><strong>nurltos</strong></span> <span class='ocrx_word' id='word_1_666' title='bbox 1633 1354 1742 1421; x_wconf 89' lang='lat' dir='ltr'><strong>tielerit,</strong></span> 
     </span>
     <span class='ocr_line' id='line_1_94' title="bbox 947 1421 1743 1495; baseline 0.009 -22"><span class='ocrx_word' id='word_1_667' title='bbox 947 1436 1027 1489; x_wconf 89' lang='lat' dir='ltr'><strong>quam</strong></span> <span class='ocrx_word' id='word_1_668' title='bbox 1043 1421 1140 1475; x_wconf 87' lang='lat' dir='ltr'><strong>mtdtes</strong></span> <span class='ocrx_word' id='word_1_669' title='bbox 1154 1422 1261 1489; x_wconf 89' lang='lat' dir='ltr'><strong>occidit,</strong></span> <span class='ocrx_word' id='word_1_670' title='bbox 1278 1440 1357 1493; x_wconf 69' lang='lat' dir='ltr'><strong>tetram</strong></span> <span class='ocrx_word' id='word_1_671' title='bbox 1371 1426 1470 1479; x_wconf 81' lang='lat' dir='ltr'><strong>multos</strong></span> <span class='ocrx_word' id='word_1_672' title='bbox 1490 1426 1515 1479; x_wconf 96' lang='lat' dir='ltr'><strong>iu</strong></span> <span class='ocrx_word' id='word_1_673' title='bbox 1531 1424 1578 1479; x_wconf 93' lang='lat' dir='ltr'><strong>ille</strong></span> <span class='ocrx_word' id='word_1_674' title='bbox 1594 1424 1653 1495; x_wconf 84' lang='lat' dir='ltr'><strong>igne</strong></span> <span class='ocrx_word' id='word_1_675' title='bbox 1666 1441 1743 1480; x_wconf 81' lang='lat' dir='ltr'><strong>ecim-</strong></span> 
     </span>
     <span class='ocr_line' id='line_1_95' title="bbox 948 1491 1744 1560; baseline 0.008 -15"><span class='ocrx_word' id='word_1_676' title='bbox 948 1491 1051 1546; x_wconf 90' lang='lat' dir='ltr'><strong>hussit!</strong></span> <span class='ocrx_word' id='word_1_677' title='bbox 1067 1494 1101 1547; x_wconf 83' lang='lat' dir='ltr'><strong>bt</strong></span> <span class='ocrx_word' id='word_1_678' title='bbox 1115 1508 1167 1547; x_wconf 93' lang='lat' dir='ltr'><strong>eeu</strong></span> <span class='ocrx_word' id='word_1_679' title='bbox 1181 1494 1327 1550; x_wconf 86' lang='lat' dir='ltr'><strong>clementes</strong></span> <span class='ocrx_word' id='word_1_680' title='bbox 1340 1504 1368 1550; x_wconf 94' lang='lat' dir='ltr'><strong>et</strong></span> <span class='ocrx_word' id='word_1_681' title='bbox 1379 1496 1567 1552; x_wconf 88' lang='lat' dir='ltr'><strong>misericordes</strong></span> <span class='ocrx_word' id='word_1_682' title='bbox 1576 1497 1684 1560; x_wconf 78' lang='lat' dir='ltr'><strong>invasit,</strong></span> <span class='ocrx_word' id='word_1_683' title='bbox 1696 1496 1744 1551; x_wconf 89' lang='lat' dir='ltr'><strong>ab·</strong></span> 
     </span>
     <span class='ocr_line' id='line_1_96' title="bbox 948 1562 1741 1639; baseline 0.011 -25"><span class='ocrx_word' id='word_1_684' title='bbox 948 1563 983 1615; x_wconf 92' lang='lat' dir='ltr'><strong>sit</strong></span> <span class='ocrx_word' id='word_1_685' title='bbox 998 1579 1004 1614; x_wconf 91' lang='lat'><strong>:</strong></span> <span class='ocrx_word' id='word_1_686' title='bbox 1020 1562 1151 1632; x_wconf 75' lang='lat' dir='ltr'><strong>glrtriater</strong></span> <span class='ocrx_word' id='word_1_687' title='bbox 1161 1566 1233 1619; x_wconf 91' lang='lat' dir='ltr'><strong>euim</strong></span> <span class='ocrx_word' id='word_1_688' title='bbox 1257 1567 1420 1631; x_wconf 82' lang='lat' dir='ltr'><strong>misericors,</strong></span> <span class='ocrx_word' id='word_1_689' title='bbox 1439 1582 1488 1622; x_wconf 92' lang='lat' dir='ltr'><strong>uec</strong></span> <span class='ocrx_word' id='word_1_690' title='bbox 1498 1566 1629 1639; x_wconf 81' lang='lat' dir='ltr'><strong>judicium</strong></span> <span class='ocrx_word' id='word_1_691' title='bbox 1643 1568 1741 1622; x_wconf 90' lang='lat' dir='ltr'><strong>timet:</strong></span> 
     </span>
     <span class='ocr_line' id='line_1_97' title="bbox 947 1625 1742 1708; baseline 0.008 -21"><span class='ocrx_word' id='word_1_692' title='bbox 947 1625 1069 1698; x_wconf 70' lang='lat' dir='ltr'><strong>Perfecto</strong></span> <span class='ocrx_word' id='word_1_693' title='bbox 1090 1636 1160 1689; x_wconf 90' lang='lat' dir='ltr'><strong>euim</strong></span> <span class='ocrx_word' id='word_1_694' title='bbox 1176 1638 1269 1691; x_wconf 83' lang='lat' dir='ltr'><strong>coritae</strong></span> <span class='ocrx_word' id='word_1_695' title='bbox 1283 1641 1354 1707; x_wconf 76' lang='lat' dir='ltr'><strong>[eres</strong></span> <span class='ocrx_word' id='word_1_696' title='bbox 1377 1638 1452 1693; x_wconf 89' lang='lat' dir='ltr'><strong>mittit</strong></span> <span class='ocrx_word' id='word_1_697' title='bbox 1467 1637 1581 1693; x_wconf 80' lang='lat' dir='ltr'><strong>tiatorem</strong></span> <span class='ocrx_word' id='word_1_698' title='bbox 1604 1640 1641 1708; x_wconf 75' lang='lat' dir='ltr'><strong>ll.</strong></span> <span class='ocrx_word' id='word_1_699' title='bbox 1661 1636 1742 1693; x_wconf 81' lang='lat' dir='ltr'><strong>Jeuu.</strong></span> 
     </span>
     <span class='ocr_line' id='line_1_98' title="bbox 947 1702 1742 1776; baseline 0.006 -18"><span class='ocrx_word' id='word_1_700' title='bbox 947 1703 974 1758; x_wconf 81' lang='lat' dir='ltr'><strong>l.</strong></span> <span class='ocrx_word' id='word_1_701' title='bbox 992 1702 1048 1773; x_wconf 84' lang='lat' dir='ltr'><strong>ts).</strong></span> <span class='ocrx_word' id='word_1_702' title='bbox 1064 1702 1127 1773; x_wconf 90' lang='lat' dir='ltr'><strong>Sed,</strong></span> <span class='ocrx_word' id='word_1_703' title='bbox 1142 1708 1289 1761; x_wconf 87' lang='lat' dir='ltr'><strong>secundent</strong></span> <span class='ocrx_word' id='word_1_704' title='bbox 1310 1708 1491 1767; x_wconf 86' lang='lat' dir='ltr'><strong>immortalem</strong></span> <span class='ocrx_word' id='word_1_705' title='bbox 1518 1708 1621 1765; x_wconf 85' lang='lat' dir='ltr'><strong>itoreiel</strong></span> <span class='ocrx_word' id='word_1_706' title='bbox 1638 1724 1742 1776; x_wconf 85' lang='lat' dir='ltr'><strong>rttcere,</strong></span> 
     </span>
     <span class='ocr_line' id='line_1_99' title="bbox 947 1773 1736 1853; baseline 0.006 -25"><span class='ocrx_word' id='word_1_707' title='bbox 947 1773 1055 1828; x_wconf 89' lang='lat' dir='ltr'><strong>diabole</strong></span> <span class='ocrx_word' id='word_1_708' title='bbox 1070 1785 1176 1845; x_wconf 84' lang='lat' dir='ltr'><strong>paretes</strong></span> <span class='ocrx_word' id='word_1_709' title='bbox 1192 1784 1233 1833; x_wconf 89' lang='lat' dir='ltr'><strong>cst</strong></span> <span class='ocrx_word' id='word_1_710' title='bbox 1250 1780 1318 1850; x_wconf 80' lang='lat' dir='ltr'><strong>ignis</strong></span> <span class='ocrx_word' id='word_1_711' title='bbox 1333 1790 1359 1835; x_wconf 95' lang='lat' dir='ltr'><strong>et</strong></span> <span class='ocrx_word' id='word_1_712' title='bbox 1371 1780 1474 1851; x_wconf 79' lang='lat' dir='ltr'><strong>augelis</strong></span> <span class='ocrx_word' id='word_1_713' title='bbox 1491 1780 1550 1847; x_wconf 83' lang='lat' dir='ltr'><strong>ejus</strong></span> <span class='ocrx_word' id='word_1_714' title='bbox 1571 1778 1678 1853; x_wconf 83' lang='lat' dir='ltr'><strong>(lietth.</strong></span> <span class='ocrx_word' id='word_1_715' title='bbox 1690 1780 1736 1835; x_wconf 73' lang='grc' dir='ltr'><strong>ιδ.</strong></span> 
     </span>
     <span class='ocr_line' id='line_1_100' title="bbox 947 1844 1743 1921; baseline 0.009 -21"><span class='ocrx_word' id='word_1_716' title='bbox 947 1844 1004 1916; x_wconf 77' lang='lat' dir='ltr'><strong>dl).</strong></span> <span class='ocrx_word' id='word_1_717' title='bbox 1022 1846 1077 1915; x_wconf 80' lang='lat' dir='ltr'><strong>Ege</strong></span> <span class='ocrx_word' id='word_1_718' title='bbox 1092 1858 1181 1902; x_wconf 87' lang='lat' dir='ltr'><strong>autem</strong></span> <span class='ocrx_word' id='word_1_719' title='bbox 1194 1848 1275 1918; x_wconf 86' lang='lat' dir='ltr'><strong>adde,</strong></span> <span class='ocrx_word' id='word_1_720' title='bbox 1301 1860 1328 1905; x_wconf 91' lang='lat' dir='ltr'><strong>et</strong></span> <span class='ocrx_word' id='word_1_721' title='bbox 1342 1852 1482 1921; x_wconf 87' lang='lat' dir='ltr'><strong>discipulis</strong></span> <span class='ocrx_word' id='word_1_722' title='bbox 1502 1852 1576 1921; x_wconf 86' lang='lat' dir='ltr'><strong>ejus,</strong></span> <span class='ocrx_word' id='word_1_723' title='bbox 1599 1850 1743 1921; x_wconf 81' lang='lat' dir='ltr'><strong>dequibus</strong></span> 
     </span>
     <span class='ocr_line' id='line_1_101' title="bbox 948 1916 1743 1992; baseline 0.01 -23"><span class='ocrx_word' id='word_1_724' title='bbox 948 1916 1028 1970; x_wconf 90' lang='lat' dir='ltr'><strong>rttedo</strong></span> <span class='ocrx_word' id='word_1_725' title='bbox 1044 1918 1146 1987; x_wconf 86' lang='lat' dir='ltr'><strong>luqtmli</strong></span> <span class='ocrx_word' id='word_1_726' title='bbox 1162 1934 1273 1989; x_wconf 81' lang='lat' dir='ltr'><strong>stemus,</strong></span> <span class='ocrx_word' id='word_1_727' title='bbox 1299 1920 1333 1977; x_wconf 90' lang='lat' dir='ltr'><strong>de</strong></span> <span class='ocrx_word' id='word_1_728' title='bbox 1358 1923 1391 1979; x_wconf 80' lang='lat' dir='ltr'><strong>iis</strong></span> <span class='ocrx_word' id='word_1_729' title='bbox 1412 1938 1506 1992; x_wconf 79' lang='lat' dir='ltr'><strong>uenrpe</strong></span> <span class='ocrx_word' id='word_1_730' title='bbox 1520 1924 1564 1992; x_wconf 88' lang='lat' dir='ltr'><strong>qui</strong></span> <span class='ocrx_word' id='word_1_731' title='bbox 1591 1936 1606 1975; x_wconf 88' lang='lat' dir='ltr'><strong>a</strong></span> <span class='ocrx_word' id='word_1_732' title='bbox 1626 1922 1743 1977; x_wconf 80' lang='lat' dir='ltr'><strong>sinistris</strong></span> 
     </span>
     <span class='ocr_line' id='line_1_102' title="bbox 947 1988 1742 2062; baseline 0.013 -24"><span class='ocrx_word' id='word_1_733' title='bbox 947 1996 1010 2042; x_wconf 86' lang='lat' dir='ltr'><strong>sum</strong></span> <span class='ocrx_word' id='word_1_734' title='bbox 1031 1997 1057 2043; x_wconf 90' lang='lat' dir='ltr'><strong>et</strong></span> <span class='ocrx_word' id='word_1_735' title='bbox 1072 1990 1260 2060; x_wconf 79' lang='lat' dir='ltr'><strong>tlerirgieibes</strong></span> <span class='ocrx_word' id='word_1_736' title='bbox 1275 1991 1362 2049; x_wconf 86' lang='lat' dir='ltr'><strong>iatuis.</strong></span> <span class='ocrx_word' id='word_1_737' title='bbox 1378 1988 1410 2049; x_wconf 90' lang='lat' dir='ltr'><strong>lli</strong></span> <span class='ocrx_word' id='word_1_738' title='bbox 1424 2009 1518 2049; x_wconf 78' lang='lat' dir='ltr'><strong>ornares</strong></span> <span class='ocrx_word' id='word_1_739' title='bbox 1530 1992 1636 2048; x_wconf 88' lang='lat' dir='ltr'><strong>taudem</strong></span> <span class='ocrx_word' id='word_1_740' title='bbox 1649 1994 1691 2062; x_wconf 83' lang='lat' dir='ltr'><strong>qui</strong></span> <span class='ocrx_word' id='word_1_741' title='bbox 1704 1994 1742 2049; x_wconf 88' lang='lat' dir='ltr'><strong>si·</strong></span> 
     </span>
     <span class='ocr_line' id='line_1_103' title="bbox 948 2058 1743 2130; baseline 0.014 -21"><span class='ocrx_word' id='word_1_742' title='bbox 948 2058 1020 2111; x_wconf 92' lang='lat' dir='ltr'><strong>milia</strong></span> <span class='ocrx_word' id='word_1_743' title='bbox 1038 2069 1136 2125; x_wconf 78' lang='lat' dir='ltr'><strong>ageret,</strong></span> <span class='ocrx_word' id='word_1_744' title='bbox 1153 2062 1275 2130; x_wconf 90' lang='lat' dir='ltr'><strong>discipuli</strong></span> <span class='ocrx_word' id='word_1_745' title='bbox 1296 2062 1354 2130; x_wconf 82' lang='lat' dir='ltr'><strong>ejus</strong></span> <span class='ocrx_word' id='word_1_746' title='bbox 1373 2062 1566 2121; x_wconf 69' lang='lat' dir='ltr'><strong>mutilarent</strong></span> <span class='ocrx_word' id='word_1_747' title='bbox 1588 2064 1696 2118; x_wconf 80' lang='lat' dir='ltr'><strong>diuitem</strong></span> <span class='ocrx_word' id='word_1_748' title='bbox 1711 2064 1743 2120; x_wconf 87' lang='lat' dir='ltr'><strong>&#39;ti-</strong></span> 
     </span>
     <span class='ocr_line' id='line_1_104' title="bbox 946 2126 1738 2199; baseline 0.011 -19"><span class='ocrx_word' id='word_1_749' title='bbox 946 2126 1002 2181; x_wconf 91' lang='lat' dir='ltr'><strong>lum</strong></span> <span class='ocrx_word' id='word_1_750' title='bbox 1017 2129 1068 2183; x_wconf 88' lang='lat' dir='ltr'><strong>sihi</strong></span> <span class='ocrx_word' id='word_1_751' title='bbox 1084 2130 1243 2198; x_wconf 88' lang='lat' dir='ltr'><strong>discipulum</strong></span> <span class='ocrx_word' id='word_1_752' title='bbox 1258 2132 1366 2199; x_wconf 85' lang='lat' dir='ltr'><strong>iactrtm,</strong></span> <span class='ocrx_word' id='word_1_753' title='bbox 1387 2136 1411 2188; x_wconf 92' lang='lat' dir='ltr'><strong>ie</strong></span> <span class='ocrx_word' id='word_1_754' title='bbox 1427 2138 1513 2189; x_wconf 92' lang='lat' dir='ltr'><strong>lecum</strong></span> <span class='ocrx_word' id='word_1_755' title='bbox 1530 2136 1604 2190; x_wconf 91' lang='lat' dir='ltr'><strong>illem</strong></span> <span class='ocrx_word' id='word_1_756' title='bbox 1617 2144 1738 2191; x_wconf 89' lang='lat' dir='ltr'><strong>termen-</strong></span> 
     </span>
     <span class='ocr_line' id='line_1_105' title="bbox 946 2198 1739 2266; baseline 0.014 -16"><span class='ocrx_word' id='word_1_757' title='bbox 946 2205 1035 2252; x_wconf 90' lang='lat' dir='ltr'><strong>terum</strong></span> <span class='ocrx_word' id='word_1_758' title='bbox 1061 2198 1194 2266; x_wconf 90' lang='lat' dir='ltr'><strong>detrusit,</strong></span> <span class='ocrx_word' id='word_1_759' title='bbox 1212 2202 1256 2256; x_wconf 91' lang='lat' dir='ltr'><strong>ubi</strong></span> <span class='ocrx_word' id='word_1_760' title='bbox 1279 2206 1437 2261; x_wconf 88' lang='lat' dir='ltr'><strong>combustus</strong></span> <span class='ocrx_word' id='word_1_761' title='bbox 1458 2208 1512 2261; x_wconf 89' lang='lat' dir='ltr'><strong>alta</strong></span> <span class='ocrx_word' id='word_1_762' title='bbox 1535 2220 1600 2260; x_wconf 86' lang='lat' dir='ltr'><strong>t&#39;oce</strong></span> <span class='ocrx_word' id='word_1_763' title='bbox 1621 2206 1739 2261; x_wconf 88' lang='lat' dir='ltr'><strong>elartmt:</strong></span> 
     </span>
     <span class='ocr_line' id='line_1_106' title="bbox 947 2266 1742 2347; baseline 0.014 -26"><span class='ocrx_word' id='word_1_764' title='bbox 947 2266 1054 2323; x_wconf 73' lang='lat' dir='ltr'><strong>crucior</strong></span> <span class='ocrx_word' id='word_1_765' title='bbox 1065 2268 1091 2323; x_wconf 93' lang='lat' dir='ltr'><strong>iu</strong></span> <span class='ocrx_word' id='word_1_766' title='bbox 1102 2269 1150 2323; x_wconf 83' lang='lat' dir='ltr'><strong>itae</strong></span> <span class='ocrx_word' id='word_1_767' title='bbox 1163 2270 1268 2341; x_wconf 73' lang='lat' dir='ltr'><strong>domiue</strong></span> <span class='ocrx_word' id='word_1_768' title='bbox 1281 2272 1356 2342; x_wconf 80' lang='lat' dir='ltr'><strong>(Luc.</strong></span> <span class='ocrx_word' id='word_1_769' title='bbox 1374 2276 1417 2331; x_wconf 81' lang='lat' dir='ltr'><strong>le.</strong></span> <span class='ocrx_word' id='word_1_770' title='bbox 1429 2276 1474 2347; x_wconf 75' lang='grc' dir='ltr'><strong>Ξι)</strong></span> <span class='ocrx_word' id='word_1_771' title='bbox 1489 2277 1655 2345; x_wconf 85' lang='lat' dir='ltr'><strong>:bttjesmodi</strong></span> <span class='ocrx_word' id='word_1_772' title='bbox 1665 2293 1742 2332; x_wconf 82' lang='lat' dir='ltr'><strong>uam·</strong></span> 
     </span>
     <span class='ocr_line' id='line_1_107' title="bbox 945 2341 1739 2418; baseline 0.018 -29"><span class='ocrx_word' id='word_1_773' title='bbox 945 2354 998 2406; x_wconf 86' lang='lat' dir='ltr'><strong>qrre</strong></span> <span class='ocrx_word' id='word_1_774' title='bbox 1014 2356 1124 2395; x_wconf 87' lang='lat' dir='ltr'><strong>tetteera</strong></span> <span class='ocrx_word' id='word_1_775' title='bbox 1139 2341 1252 2407; x_wconf 70' lang='lat' dir='ltr'><strong>largitur</strong></span> <span class='ocrx_word' id='word_1_776' title='bbox 1266 2344 1445 2401; x_wconf 86' lang='lat' dir='ltr'><strong>inhumanitas</strong></span> <span class='ocrx_word' id='word_1_777' title='bbox 1460 2346 1632 2418; x_wconf 80' lang='lat' dir='ltr'><strong>diligentibus</strong></span> <span class='ocrx_word' id='word_1_778' title='bbox 1655 2348 1739 2403; x_wconf 91' lang='lat' dir='ltr'><strong>illam.</strong></span> 
     </span>
     <span class='ocr_line' id='line_1_108' title="bbox 946 2408 1741 2485; baseline 0.011 -21"><span class='ocrx_word' id='word_1_779' title='bbox 946 2408 1241 2481; x_wconf 79' lang='lat' dir='ltr'><strong>ttacrtneqeehumm</strong></span> <span class='ocrx_word' id='word_1_780' title='bbox 1251 2414 1324 2469; x_wconf 91' lang='lat' dir='ltr'><strong>iilum</strong></span> <span class='ocrx_word' id='word_1_781' title='bbox 1337 2416 1480 2472; x_wconf 83' lang='lat' dir='ltr'><strong>immanem</strong></span> <span class='ocrx_word' id='word_1_782' title='bbox 1496 2428 1557 2472; x_wconf 90' lang='lat' dir='ltr'><strong>aute</strong></span> <span class='ocrx_word' id='word_1_783' title='bbox 1567 2427 1741 2485; x_wconf 80' lang='lat' dir='ltr'><strong>conspectum</strong></span> 
     </span>
     <span class='ocr_line' id='line_1_109' title="bbox 944 2482 1741 2559; baseline 0.01 -22"><span class='ocrx_word' id='word_1_784' title='bbox 944 2482 1004 2551; x_wconf 84' lang='lat' dir='ltr'><strong>ejus</strong></span> <span class='ocrx_word' id='word_1_785' title='bbox 1019 2482 1098 2549; x_wconf 88' lang='lat' dir='ltr'><strong>iedit,</strong></span> <span class='ocrx_word' id='word_1_786' title='bbox 1114 2498 1147 2539; x_wconf 89' lang='lat' dir='ltr'><strong>ue</strong></span> <span class='ocrx_word' id='word_1_787' title='bbox 1165 2500 1291 2555; x_wconf 78' lang='lat' dir='ltr'><strong>remquam</strong></span> <span class='ocrx_word' id='word_1_788' title='bbox 1305 2488 1337 2541; x_wconf 90' lang='lat' dir='ltr'><strong>ad</strong></span> <span class='ocrx_word' id='word_1_789' title='bbox 1352 2488 1453 2559; x_wconf 88' lang='lat' dir='ltr'><strong>requiei</strong></span> <span class='ocrx_word' id='word_1_790' title='bbox 1469 2488 1554 2542; x_wconf 91' lang='lat' dir='ltr'><strong>locum</strong></span> <span class='ocrx_word' id='word_1_791' title='bbox 1572 2490 1696 2544; x_wconf 84' lang='lat' dir='ltr'><strong>transiret</strong></span> <span class='ocrx_word' id='word_1_792' title='bbox 1709 2504 1741 2545; x_wconf 86' lang='lat' dir='ltr'><strong>ac</strong></span> 
     </span>
     <span class='ocr_line' id='line_1_110' title="bbox 945 2554 1740 2629; baseline 0.013 -24"><span class='ocrx_word' id='word_1_793' title='bbox 945 2554 1062 2622; x_wconf 90' lang='lat' dir='ltr'><strong>quietem</strong></span> <span class='ocrx_word' id='word_1_794' title='bbox 1077 2554 1210 2610; x_wconf 79' lang='lat' dir='ltr'><strong>irruenti-et</strong></span> <span class='ocrx_word' id='word_1_795' title='bbox 1225 2570 1232 2607; x_wconf 84' lang='grc' dir='ltr'><strong>ι</strong></span> <span class='ocrx_word' id='word_1_796' title='bbox 1250 2555 1308 2613; x_wconf 86' lang='lat' dir='ltr'><strong>hec</strong></span> <span class='ocrx_word' id='word_1_797' title='bbox 1321 2559 1419 2629; x_wconf 76' lang='lat' dir='ltr'><strong>quiippe</strong></span> <span class='ocrx_word' id='word_1_798' title='bbox 1445 2560 1518 2625; x_wconf 81' lang='lat' dir='ltr'><strong>lacus</strong></span> <span class='ocrx_word' id='word_1_799' title='bbox 1531 2558 1624 2613; x_wconf 90' lang='lat' dir='ltr'><strong>elledit</strong></span> <span class='ocrx_word' id='word_1_800' title='bbox 1652 2570 1678 2614; x_wconf 94' lang='lat' dir='ltr'><strong>et</strong></span> <span class='ocrx_word' id='word_1_801' title='bbox 1711 2577 1740 2615; x_wconf 89' lang='lat' dir='ltr'><strong>a·</strong></span> 
     </span>
     <span class='ocr_line' id='line_1_111' title="bbox 945 2576 1741 2687; baseline 0.01 -8"><span class='ocrx_word' id='word_1_802' title='bbox 945 2631 1009 2679; x_wconf 84' lang='lat' dir='ltr'><strong>rat:</strong></span> <span class='ocrx_word' id='word_1_803' title='bbox 1026 2625 1126 2679; x_wconf 85' lang='lat' dir='ltr'><strong>rttrllara</strong></span> <span class='ocrx_word' id='word_1_804' title='bbox 1149 2627 1221 2680; x_wconf 91' lang='lat' dir='ltr'><strong>euim</strong></span> <span class='ocrx_word' id='word_1_805' title='bbox 1236 2627 1314 2681; x_wconf 81' lang='lat' dir='ltr'><strong>:iliam</strong></span> <span class='ocrx_word' id='word_1_806' title='bbox 1342 2628 1399 2685; x_wconf 77' lang='lat' dir='ltr'><strong>haec</strong></span> <span class='ocrx_word' id='word_1_807' title='bbox 1420 2629 1473 2684; x_wconf 88' lang='lat' dir='ltr'><strong>iera</strong></span> <span class='ocrx_word' id='word_1_808' title='bbox 1490 2631 1569 2686; x_wconf 88' lang='lat' dir='ltr'><strong>callet</strong></span> <span class='ocrx_word' id='word_1_809' title='bbox 1583 2639 1678 2685; x_wconf 87' lang='lat' dir='ltr'><strong>arteer.</strong></span> <span class='ocrx_word' id='word_1_810' title='bbox 1693 2576 1741 2687; x_wconf 75' lang='lat' dir='ltr'><strong>ie</strong></span> 
     </span>
     <span class='ocr_line' id='line_1_112' title="bbox 946 2695 1785 2771; baseline 0.013 -24"><span class='ocrx_word' id='word_1_811' title='bbox 946 2695 1207 2762; x_wconf 88' lang='lat' dir='ltr'><strong>tibi,iuhmnauitas,</strong></span> <span class='ocrx_word' id='word_1_812' title='bbox 1221 2706 1250 2751; x_wconf 90' lang='lat' dir='ltr'><strong>et</strong></span> <span class='ocrx_word' id='word_1_813' title='bbox 1264 2698 1401 2768; x_wconf 87' lang='lat' dir='ltr'><strong>discipulis</strong></span> <span class='ocrx_word' id='word_1_814' title='bbox 1414 2702 1466 2755; x_wconf 88' lang='lat' dir='ltr'><strong>tuis</strong></span> <span class='ocrx_word' id='word_1_815' title='bbox 1480 2718 1487 2755; x_wconf 79' lang='lat' dir='ltr'><strong>a</strong></span> <span class='ocrx_word' id='word_1_816' title='bbox 1500 2718 1540 2755; x_wconf 80' lang='grc' dir='ltr'>ιιιι</span> <span class='ocrx_word' id='word_1_817' title='bbox 1563 2702 1610 2755; x_wconf 93' lang='lat' dir='ltr'><strong>tibi</strong></span> <span class='ocrx_word' id='word_1_818' title='bbox 1620 2744 1628 2767; x_wconf 95' lang='lat'><strong>,</strong></span> <span class='ocrx_word' id='word_1_819' title='bbox 1638 2702 1746 2771; x_wconf 45' lang='lat' dir='ltr'><strong>,credes</strong></span> <span class='ocrx_word' id='word_1_820' title='bbox 1781 2700 1785 2713; x_wconf 63' lang='lat'>⁸</span> 
     </span>
     <span class='ocr_line' id='line_1_113' title="bbox 945 2764 1803 2842; baseline 0.014 -25"><span class='ocrx_word' id='word_1_821' title='bbox 945 2764 1016 2824; x_wconf 87' lang='lat' dir='ltr'><strong>lites.</strong></span> <span class='ocrx_word' id='word_1_822' title='bbox 1032 2774 1060 2822; x_wconf 91' lang='lat' dir='ltr'><strong>et</strong></span> <span class='ocrx_word' id='word_1_823' title='bbox 1075 2768 1275 2837; x_wconf 85' lang='lat' dir='ltr'><strong>possessoribes</strong></span> <span class='ocrx_word' id='word_1_824' title='bbox 1287 2770 1355 2825; x_wconf 89' lang='lat' dir='ltr'><strong>teisl</strong></span> <span class='ocrx_word' id='word_1_825' title='bbox 1370 2786 1429 2842; x_wconf 77' lang='lat' dir='ltr'><strong>quae</strong></span> <span class='ocrx_word' id='word_1_826' title='bbox 1452 2772 1499 2826; x_wconf 92' lang='lat' dir='ltr'><strong>tibi</strong></span> <span class='ocrx_word' id='word_1_827' title='bbox 1520 2772 1629 2837; x_wconf 83' lang='lat' dir='ltr'><strong>utilitas,</strong></span> <span class='ocrx_word' id='word_1_828' title='bbox 1645 2773 1666 2827; x_wconf 88' lang='lat' dir='ltr'><strong>si</strong></span> <span class='ocrx_word' id='word_1_829' title='bbox 1682 2780 1740 2828; x_wconf 88' lang='lat' dir='ltr'><strong>tart·</strong></span> <span class='ocrx_word' id='word_1_830' title='bbox 1801 2802 1803 2807; x_wconf 70' lang='lat'><strong>,</strong></span> 
     </span>
     <span class='ocr_line' id='line_1_114' title="bbox 945 2835 1741 2915; baseline 0.014 -26"><span class='ocrx_word' id='word_1_831' title='bbox 945 2842 1000 2892; x_wconf 87' lang='lat' dir='ltr'><strong>tant</strong></span> <span class='ocrx_word' id='word_1_832' title='bbox 1011 2835 1151 2893; x_wconf 92' lang='lat' dir='ltr'><strong>hominem</strong></span> <span class='ocrx_word' id='word_1_833' title='bbox 1165 2837 1361 2895; x_wconf 91' lang='lat' dir='ltr'><strong>meltitmlieem</strong></span> <span class='ocrx_word' id='word_1_834' title='bbox 1382 2858 1396 2894; x_wconf 87' lang='lat' dir='ltr'><strong>a</strong></span> <span class='ocrx_word' id='word_1_835' title='bbox 1412 2843 1466 2897; x_wconf 85' lang='lat' dir='ltr'><strong>Dee</strong></span> <span class='ocrx_word' id='word_1_836' title='bbox 1480 2845 1605 2915; x_wconf 80' lang='lat' dir='ltr'><strong>separes?</strong></span> <span class='ocrx_word' id='word_1_837' title='bbox 1621 2844 1687 2897; x_wconf 84' lang='lat' dir='ltr'><strong>dedi</strong></span> <span class='ocrx_word' id='word_1_838' title='bbox 1709 2845 1741 2900; x_wconf 90' lang='lat' dir='ltr'><strong>il·</strong></span> 
     </span>
     <span class='ocr_line' id='line_1_115' title="bbox 945 2906 1738 2983; baseline 0.014 -22"><span class='ocrx_word' id='word_1_839' title='bbox 945 2906 998 2962; x_wconf 91' lang='lat' dir='ltr'><strong>lam</strong></span> <span class='ocrx_word' id='word_1_840' title='bbox 1024 2906 1230 2979; x_wconf 81' lang='lat' dir='ltr'><strong>respondentem</strong></span> <span class='ocrx_word' id='word_1_841' title='bbox 1246 2928 1253 2964; x_wconf 75' lang='grc' dir='ltr'><strong>ι</strong></span> <span class='ocrx_word' id='word_1_842' title='bbox 1268 2910 1342 2979; x_wconf 88' lang='lat' dir='ltr'><strong>Opus</strong></span> <span class='ocrx_word' id='word_1_843' title='bbox 1365 2928 1453 2967; x_wconf 86' lang='lat' dir='ltr'><strong>ereum</strong></span> <span class='ocrx_word' id='word_1_844' title='bbox 1471 2923 1512 2969; x_wconf 87' lang='lat' dir='ltr'><strong>est</strong></span> <span class='ocrx_word' id='word_1_845' title='bbox 1527 2918 1617 2969; x_wconf 84' lang='lat' dir='ltr'><strong>loreas</strong></span> <span class='ocrx_word' id='word_1_846' title='bbox 1636 2912 1738 2983; x_wconf 82' lang='lat' dir='ltr'><strong>ledere,</strong></span> 
     </span>
     <span class='ocr_line' id='line_1_116' title="bbox 944 2979 1739 3051; baseline 0.013 -20"><span class='ocrx_word' id='word_1_847' title='bbox 944 2979 1739 3051; x_wconf 68' lang='lat' dir='ltr'><strong>pertaselatttiet·e,rorttareiearctunicas,eccludereviscera</strong></span> 
     </span>
     <span class='ocr_line' id='line_1_117' title="bbox 944 3051 1741 3129; baseline 0.01 -25"><span class='ocrx_word' id='word_1_848' title='bbox 944 3051 1249 3113; x_wconf 77' lang='lat' dir='ltr'><strong>misericerdiamteue</strong></span> <span class='ocrx_word' id='word_1_849' title='bbox 1262 3053 1363 3108; x_wconf 91' lang='lat' dir='ltr'><strong>luerem</strong></span> <span class='ocrx_word' id='word_1_850' title='bbox 1374 3067 1424 3121; x_wconf 88' lang='lat' dir='ltr'><strong>est,</strong></span> <span class='ocrx_word' id='word_1_851' title='bbox 1436 3057 1741 3129; x_wconf 89' lang='lat' dir='ltr'><strong>amicosmeltesacqui·</strong></span> 
     </span>
     <span class='ocr_line' id='line_1_118' title="bbox 945 3122 1741 3196; baseline 0.013 -21"><span class='ocrx_word' id='word_1_852' title='bbox 945 3136 1017 3184; x_wconf 89' lang='lat' dir='ltr'><strong>rere,</strong></span> <span class='ocrx_word' id='word_1_853' title='bbox 1032 3122 1157 3194; x_wconf 84' lang='lat' dir='ltr'><strong>ipsasque</strong></span> <span class='ocrx_word' id='word_1_854' title='bbox 1168 3122 1298 3192; x_wconf 86' lang='lat' dir='ltr'><strong>perdere;</strong></span> <span class='ocrx_word' id='word_1_855' title='bbox 1312 3125 1437 3196; x_wconf 76' lang='lat' dir='ltr'><strong>gaudium</strong></span> <span class='ocrx_word' id='word_1_856' title='bbox 1452 3142 1539 3182; x_wconf 87' lang='lat' dir='ltr'><strong>ttrctue</strong></span> <span class='ocrx_word' id='word_1_857' title='bbox 1550 3135 1600 3188; x_wconf 83' lang='lat' dir='ltr'><strong>est,</strong></span> <span class='ocrx_word' id='word_1_858' title='bbox 1617 3125 1741 3185; x_wconf 86' lang='lat' dir='ltr'><strong>inruune·</strong></span> 
     </span>
     <span class='ocr_line' id='line_1_119' title="bbox 944 3193 1738 3267; baseline 0.011 -19"><span class='ocrx_word' id='word_1_859' title='bbox 944 3208 990 3248; x_wconf 88' lang='lat' dir='ltr'><strong>ros</strong></span> <span class='ocrx_word' id='word_1_860' title='bbox 1004 3194 1141 3250; x_wconf 89' lang='lat' dir='ltr'><strong>attrahere</strong></span> <span class='ocrx_word' id='word_1_861' title='bbox 1154 3193 1313 3263; x_wconf 85' lang='lat' dir='ltr'><strong>discipules,</strong></span> <span class='ocrx_word' id='word_1_862' title='bbox 1328 3209 1396 3267; x_wconf 85' lang='lat' dir='ltr'><strong>ques</strong></span> <span class='ocrx_word' id='word_1_863' title='bbox 1423 3199 1448 3252; x_wconf 95' lang='lat' dir='ltr'><strong>in</strong></span> <span class='ocrx_word' id='word_1_864' title='bbox 1474 3199 1608 3255; x_wconf 89' lang='lat' dir='ltr'><strong>ieiertmm</strong></span> <span class='ocrx_word' id='word_1_865' title='bbox 1624 3201 1738 3257; x_wconf 87' lang='lat' dir='ltr'><strong>mittam.</strong></span> 
     </span>
     <span class='ocr_line' id='line_1_120' title="bbox 944 3262 1738 3339; baseline 0.011 -21"><span class='ocrx_word' id='word_1_866' title='bbox 944 3262 1057 3333; x_wconf 84' lang='lat' dir='ltr'><strong>Quando</strong></span> <span class='ocrx_word' id='word_1_867' title='bbox 1071 3265 1099 3324; x_wconf 86' lang='lat' dir='ltr'><strong>il.</strong></span> <span class='ocrx_word' id='word_1_868' title='bbox 1110 3265 1182 3336; x_wconf 89' lang='lat' dir='ltr'><strong>quia</strong></span> <span class='ocrx_word' id='word_1_869' title='bbox 1198 3265 1315 3322; x_wconf 87' lang='lat' dir='ltr'><strong>sinistris</strong></span> <span class='ocrx_word' id='word_1_870' title='bbox 1326 3275 1413 3334; x_wconf 90' lang='lat' dir='ltr'><strong>erant,</strong></span> <span class='ocrx_word' id='word_1_871' title='bbox 1429 3269 1532 3339; x_wconf 91' lang='lat' dir='ltr'><strong>pedere</strong></span> <span class='ocrx_word' id='word_1_872' title='bbox 1555 3267 1648 3325; x_wconf 87' lang='lat' dir='ltr'><strong>suliesi</strong></span> <span class='ocrx_word' id='word_1_873' title='bbox 1672 3270 1738 3327; x_wconf 88' lang='lat' dir='ltr'><strong>adc-</strong></span> 
     </span>
     <span class='ocr_line' id='line_1_121' title="bbox 943 3333 1799 3412; baseline 0.012 -22"><span class='ocrx_word' id='word_1_874' title='bbox 943 3346 1006 3390; x_wconf 88' lang='lat' dir='ltr'><strong>ram</strong></span> <span class='ocrx_word' id='word_1_875' title='bbox 1026 3333 1132 3407; x_wconf 86' lang='lat' dir='ltr'><strong>probris</strong></span> <span class='ocrx_word' id='word_1_876' title='bbox 1156 3345 1183 3390; x_wconf 91' lang='lat' dir='ltr'><strong>et</strong></span> <span class='ocrx_word' id='word_1_877' title='bbox 1206 3338 1423 3393; x_wconf 85' lang='lat' dir='ltr'><strong>accusationibus</strong></span> <span class='ocrx_word' id='word_1_878' title='bbox 1449 3341 1573 3410; x_wconf 89' lang='lat' dir='ltr'><strong>impetiti,</strong></span> <span class='ocrx_word' id='word_1_879' title='bbox 1600 3350 1740 3412; x_wconf 82' lang='lat' dir='ltr'><strong>tuncergo</strong></span> <span class='ocrx_word' id='word_1_880' title='bbox 1797 3369 1799 3374; x_wconf 95' lang='lat'>·</span> 
     </span>
     <span class='ocr_line' id='line_1_122' title="bbox 943 3406 1741 3483; baseline 0.014 -23"><span class='ocrx_word' id='word_1_881' title='bbox 943 3406 1058 3462; x_wconf 87' lang='lat' dir='ltr'><strong>choreas</strong></span> <span class='ocrx_word' id='word_1_882' title='bbox 1068 3407 1179 3478; x_wconf 79' lang='lat' dir='ltr'><strong>agebam</strong></span> <span class='ocrx_word' id='word_1_883' title='bbox 1193 3424 1200 3462; x_wconf 79' lang='lat' dir='ltr'><strong>a</strong></span> <span class='ocrx_word' id='word_1_884' title='bbox 1214 3409 1320 3478; x_wconf 89' lang='lat' dir='ltr'><strong>quaudo</strong></span> <span class='ocrx_word' id='word_1_885' title='bbox 1332 3410 1505 3466; x_wconf 88' lang='lat' dir='ltr'><strong>mittebantur</strong></span> <span class='ocrx_word' id='word_1_886' title='bbox 1520 3413 1544 3466; x_wconf 94' lang='lat' dir='ltr'><strong>iu</strong></span> <span class='ocrx_word' id='word_1_887' title='bbox 1560 3413 1646 3483; x_wconf 81' lang='lat' dir='ltr'><strong>iguem</strong></span> <span class='ocrx_word' id='word_1_888' title='bbox 1663 3425 1741 3471; x_wconf 60' lang='lat' dir='ltr'><strong>aeter*</strong></span> 
     </span>
     <span class='ocr_line' id='line_1_123' title="bbox 944 3477 1737 3552; baseline 0.013 -23"><span class='ocrx_word' id='word_1_889' title='bbox 944 3491 1019 3541; x_wconf 87' lang='lat' dir='ltr'><strong>trum,</strong></span> <span class='ocrx_word' id='word_1_890' title='bbox 1038 3477 1062 3532; x_wconf 92' lang='lat' dir='ltr'><strong>id</strong></span> <span class='ocrx_word' id='word_1_891' title='bbox 1077 3477 1147 3548; x_wconf 90' lang='lat' dir='ltr'><strong>quud</strong></span> <span class='ocrx_word' id='word_1_892' title='bbox 1162 3493 1212 3549; x_wconf 78' lang='lat' dir='ltr'><strong>ego</strong></span> <span class='ocrx_word' id='word_1_893' title='bbox 1229 3481 1294 3547; x_wconf 84' lang='lat' dir='ltr'><strong>ipsis</strong></span> <span class='ocrx_word' id='word_1_894' title='bbox 1308 3481 1460 3550; x_wconf 85' lang='lat' dir='ltr'><strong>correiliuvi,</strong></span> <span class='ocrx_word' id='word_1_895' title='bbox 1474 3498 1525 3552; x_wconf 72' lang='lat' dir='ltr'><strong>etto</strong></span> <span class='ocrx_word' id='word_1_896' title='bbox 1547 3485 1713 3539; x_wconf 83' lang='lat' dir='ltr'><strong>exsultabam</strong></span> <span class='ocrx_word' id='word_1_897' title='bbox 1729 3502 1737 3539; x_wconf 88' lang='lat'>:</span> 
     </span>
     <span class='ocr_line' id='line_1_124' title="bbox 943 3549 1739 3674; baseline 0.01 -72"><span class='ocrx_word' id='word_1_898' title='bbox 943 3549 1053 3674; x_wconf 63' lang='lat' dir='ltr'><strong>quando</strong></span> <span class='ocrx_word' id='word_1_899' title='bbox 1069 3549 1189 3620; x_wconf 77' lang='lat' dir='ltr'><strong>lugentes</strong></span> <span class='ocrx_word' id='word_1_900' title='bbox 1208 3549 1336 3617; x_wconf 90' lang='lat' dir='ltr'><strong>ahibaut,</strong></span> <span class='ocrx_word' id='word_1_901' title='bbox 1360 3551 1486 3609; x_wconf 88' lang='lat' dir='ltr'><strong>dentibus</strong></span> <span class='ocrx_word' id='word_1_902' title='bbox 1510 3555 1655 3610; x_wconf 84' lang='lat' dir='ltr'><strong>stridentes</strong></span> <span class='ocrx_word' id='word_1_903' title='bbox 1673 3565 1701 3612; x_wconf 90' lang='lat' dir='ltr'><strong>et</strong></span> <span class='ocrx_word' id='word_1_904' title='bbox 1724 3567 1739 3610; x_wconf 80' lang='lat' dir='ltr'><strong>a</strong></span> 
     </span>
     <span class='ocr_line' id='line_1_125' title="bbox 964 3618 1741 3706; baseline 0.01 -33"><span class='ocrx_word' id='word_1_905' title='bbox 964 3618 1114 3675; x_wconf 78' lang='lat' dir='ltr'><strong>sueonibus</strong></span> <span class='ocrx_word' id='word_1_906' title='bbox 1128 3621 1247 3688; x_wconf 90' lang='lat' dir='ltr'><strong>impulsi,</strong></span> <span class='ocrx_word' id='word_1_907' title='bbox 1270 3636 1320 3706; x_wconf 68' lang='lat' dir='ltr'><strong>eqo</strong></span> <span class='ocrx_word' id='word_1_908' title='bbox 1334 3637 1386 3677; x_wconf 90' lang='lat' dir='ltr'><strong>una</strong></span> <span class='ocrx_word' id='word_1_909' title='bbox 1411 3623 1580 3695; x_wconf 89' lang='lat' dir='ltr'><strong>impellebant</strong></span> <span class='ocrx_word' id='word_1_910' title='bbox 1603 3627 1663 3682; x_wconf 92' lang='lat' dir='ltr'><strong>illes</strong></span> <span class='ocrx_word' id='word_1_911' title='bbox 1674 3643 1741 3696; x_wconf 72' lang='lat' dir='ltr'><strong>garu-</strong></span> 
     </span>
     <span class='ocr_line' id='line_1_126' title="bbox 943 3690 1742 3770; baseline 0.01 -25"><span class='ocrx_word' id='word_1_912' title='bbox 943 3690 1011 3746; x_wconf 87' lang='lat' dir='ltr'><strong>dens</strong></span> <span class='ocrx_word' id='word_1_913' title='bbox 1025 3709 1032 3744; x_wconf 81' lang='grc' dir='ltr'><strong>ι</strong></span> <span class='ocrx_word' id='word_1_914' title='bbox 1047 3691 1154 3761; x_wconf 87' lang='lat' dir='ltr'><strong>quando</strong></span> <span class='ocrx_word' id='word_1_915' title='bbox 1166 3690 1260 3747; x_wconf 88' lang='lat' dir='ltr'><strong>decom</strong></span> <span class='ocrx_word' id='word_1_916' title='bbox 1275 3693 1392 3763; x_wconf 82' lang='lat' dir='ltr'><strong>rtrgiues</strong></span> <span class='ocrx_word' id='word_1_917' title='bbox 1403 3710 1433 3751; x_wconf 90' lang='lat' dir='ltr'><strong>se</strong></span> <span class='ocrx_word' id='word_1_918' title='bbox 1445 3697 1610 3766; x_wconf 72' lang='lat' dir='ltr'><strong>reperiarabaet</strong></span> <span class='ocrx_word' id='word_1_919' title='bbox 1623 3707 1651 3752; x_wconf 92' lang='lat' dir='ltr'><strong>ut</strong></span> <span class='ocrx_word' id='word_1_920' title='bbox 1662 3715 1742 3770; x_wconf 88' lang='lat' dir='ltr'><strong>speu-</strong></span> 
     </span>
     <span class='ocr_line' id='line_1_127' title="bbox 943 3762 1740 3840; baseline 0.011 -24"><span class='ocrx_word' id='word_1_921' title='bbox 943 3775 1003 3816; x_wconf 86' lang='lat' dir='ltr'><strong>eum</strong></span> <span class='ocrx_word' id='word_1_922' title='bbox 1014 3762 1130 3828; x_wconf 90' lang='lat' dir='ltr'><strong>adirent,</strong></span> <span class='ocrx_word' id='word_1_923' title='bbox 1142 3777 1191 3831; x_wconf 76' lang='lat' dir='ltr'><strong>eqo</strong></span> <span class='ocrx_word' id='word_1_924' title='bbox 1201 3763 1429 3821; x_wconf 88' lang='lat' dir='ltr'><strong>circumsistebant</strong></span> <span class='ocrx_word' id='word_1_925' title='bbox 1442 3767 1518 3833; x_wconf 89' lang='lat' dir='ltr'><strong>illas;</strong></span> <span class='ocrx_word' id='word_1_926' title='bbox 1531 3784 1562 3824; x_wconf 87' lang='lat' dir='ltr'><strong>ert</strong></span> <span class='ocrx_word' id='word_1_927' title='bbox 1580 3770 1610 3824; x_wconf 85' lang='lat' dir='ltr'><strong>iis</strong></span> <span class='ocrx_word' id='word_1_928' title='bbox 1623 3769 1740 3840; x_wconf 86' lang='lat' dir='ltr'><strong>qrdrtque</strong></span> 
     </span>
     <span class='ocr_line' id='line_1_128' title="bbox 943 3832 1740 3905; baseline 0.013 -18"><span class='ocrx_word' id='word_1_929' title='bbox 943 3847 997 3888; x_wconf 93' lang='lat' dir='ltr'><strong>uon</strong></span> <span class='ocrx_word' id='word_1_930' title='bbox 1010 3835 1082 3905; x_wconf 90' lang='lat' dir='ltr'><strong>potui</strong></span> <span class='ocrx_word' id='word_1_931' title='bbox 1094 3832 1227 3889; x_wconf 78' lang='lat' dir='ltr'><strong>atrdeecre</strong></span> <span class='ocrx_word' id='word_1_932' title='bbox 1240 3853 1247 3890; x_wconf 91' lang='lat'>:</span> <span class='ocrx_word' id='word_1_933' title='bbox 1261 3850 1322 3890; x_wconf 84' lang='lat' dir='ltr'><strong>nam</strong></span> <span class='ocrx_word' id='word_1_934' title='bbox 1335 3836 1434 3891; x_wconf 91' lang='lat' dir='ltr'><strong>multos</strong></span> <span class='ocrx_word' id='word_1_935' title='bbox 1445 3836 1471 3892; x_wconf 92' lang='lat' dir='ltr'><strong>ie</strong></span> <span class='ocrx_word' id='word_1_936' title='bbox 1482 3841 1595 3896; x_wconf 90' lang='lat' dir='ltr'><strong>circuitu</strong></span> <span class='ocrx_word' id='word_1_937' title='bbox 1607 3841 1740 3897; x_wconf 87' lang='lat' dir='ltr'><strong>habebant</strong></span> 
     </span>
    </p>
   </div>
   <div class='ocr_carea' id='block_1_8' title="bbox 929 3904 1740 3982">
    <p class='ocr_par' dir='ltr' id='par_1_8' title="bbox 929 3904 1740 3982">
     <span class='ocr_line' id='line_1_129' title="bbox 929 3904 1740 3982; baseline 0.012 -27"><span class='ocrx_word' id='word_1_938' title='bbox 929 3919 1086 3974; x_wconf 88' lang='lat' dir='ltr'><strong>pauperes,</strong></span> <span class='ocrx_word' id='word_1_939' title='bbox 1101 3904 1239 3959; x_wconf 91' lang='lat' dir='ltr'><strong>mendices</strong></span> <span class='ocrx_word' id='word_1_940' title='bbox 1261 3916 1288 3960; x_wconf 91' lang='lat' dir='ltr'><strong>et</strong></span> <span class='ocrx_word' id='word_1_941' title='bbox 1302 3905 1406 3977; x_wconf 90' lang='lat' dir='ltr'><strong>inopes,</strong></span> <span class='ocrx_word' id='word_1_942' title='bbox 1419 3910 1465 3979; x_wconf 87' lang='lat' dir='ltr'><strong>qui</strong></span> <span class='ocrx_word' id='word_1_943' title='bbox 1480 3925 1539 3964; x_wconf 92' lang='lat' dir='ltr'><strong>cum</strong></span> <span class='ocrx_word' id='word_1_944' title='bbox 1553 3913 1654 3982; x_wconf 79' lang='lat' dir='ltr'><strong>erigetis</strong></span> <span class='ocrx_word' id='word_1_945' title='bbox 1668 3913 1740 3982; x_wconf 89' lang='lat' dir='ltr'><strong>ipsas</strong></span> 
     </span>
    </p>
   </div>
   <div class='ocr_carea' id='block_1_9' title="bbox 942 3975 1790 5968">
    <p class='ocr_par' dir='ltr' id='par_1_9' title="bbox 942 3975 1790 4896">
     <span class='ocr_line' id='line_1_130' title="bbox 942 3975 1790 4049; baseline 0.007 -19"><span class='ocrx_word' id='word_1_946' title='bbox 942 3975 1133 4032; x_wconf 87' lang='lat' dir='ltr'><strong>custodiebant</strong></span> <span class='ocrx_word' id='word_1_947' title='bbox 1157 3976 1305 4032; x_wconf 88' lang='lat' dir='ltr'><strong>:ridebam</strong></span> <span class='ocrx_word' id='word_1_948' title='bbox 1333 3992 1440 4049; x_wconf 88' lang='lat' dir='ltr'><strong>quoque</strong></span> <span class='ocrx_word' id='word_1_949' title='bbox 1462 3977 1600 4036; x_wconf 84' lang='lat' dir='ltr'><strong>dexteram</strong></span> <span class='ocrx_word' id='word_1_950' title='bbox 1633 3983 1740 4038; x_wconf 69' lang='lat' dir='ltr'><strong>batruini</strong></span> <span class='ocrx_word' id='word_1_951' title='bbox 1788 4005 1790 4008; x_wconf 95' lang='lat'>·</span> 
     </span>
     <span class='ocr_line' id='line_1_131' title="bbox 943 4047 1740 4121; baseline 0.01 -21"><span class='ocrx_word' id='word_1_952' title='bbox 943 4047 1015 4118; x_wconf 87' lang='lat' dir='ltr'><strong>ipsas</strong></span> <span class='ocrx_word' id='word_1_953' title='bbox 1038 4054 1181 4117; x_wconf 78' lang='lat' dir='ltr'><strong>tepentem,</strong></span> <span class='ocrx_word' id='word_1_954' title='bbox 1196 4056 1222 4103; x_wconf 92' lang='lat' dir='ltr'><strong>et</strong></span> <span class='ocrx_word' id='word_1_955' title='bbox 1237 4047 1383 4114; x_wconf 83' lang='lat' dir='ltr'><strong>exitorrui;</strong></span> <span class='ocrx_word' id='word_1_956' title='bbox 1411 4059 1522 4106; x_wconf 78' lang='lat' dir='ltr'><strong>caeteras</strong></span> <span class='ocrx_word' id='word_1_957' title='bbox 1536 4065 1601 4106; x_wconf 89' lang='lat' dir='ltr'><strong>rere</strong></span> <span class='ocrx_word' id='word_1_958' title='bbox 1621 4053 1740 4121; x_wconf 85' lang='lat' dir='ltr'><strong>qrtiuqee</strong></span> 
     </span>
     <span class='ocr_line' id='line_1_132' title="bbox 944 4116 1740 4193; baseline 0.008 -21"><span class='ocrx_word' id='word_1_959' title='bbox 944 4116 993 4173; x_wconf 80' lang='lat' dir='ltr'><strong>liei</strong></span> <span class='ocrx_word' id='word_1_960' title='bbox 1008 4133 1101 4171; x_wconf 82' lang='lat' dir='ltr'><strong>artiore</strong></span> <span class='ocrx_word' id='word_1_961' title='bbox 1116 4119 1238 4182; x_wconf 89' lang='lat' dir='ltr'><strong>turdatas,</strong></span> <span class='ocrx_word' id='word_1_962' title='bbox 1263 4133 1338 4173; x_wconf 84' lang='lat' dir='ltr'><strong>ereas</strong></span> <span class='ocrx_word' id='word_1_963' title='bbox 1351 4121 1426 4174; x_wconf 85' lang='lat' dir='ltr'><strong>elleei</strong></span> <span class='ocrx_word' id='word_1_964' title='bbox 1441 4120 1605 4189; x_wconf 80' lang='lat' dir='ltr'><strong>discipules,</strong></span> <span class='ocrx_word' id='word_1_965' title='bbox 1622 4123 1740 4193; x_wconf 80' lang='lat' dir='ltr'><strong>ipsisque</strong></span> 
     </span>
     <span class='ocr_line' id='line_1_133' title="bbox 942 4187 1740 4263; baseline 0.01 -23"><span class='ocrx_word' id='word_1_966' title='bbox 942 4187 1016 4241; x_wconf 89' lang='lat' dir='ltr'><strong>suasi</strong></span> <span class='ocrx_word' id='word_1_967' title='bbox 1032 4202 1064 4240; x_wconf 89' lang='lat' dir='ltr'><strong>ne</strong></span> <span class='ocrx_word' id='word_1_968' title='bbox 1078 4187 1308 4254; x_wconf 84' lang='lat' dir='ltr'><strong>oletrmemereut,</strong></span> <span class='ocrx_word' id='word_1_969' title='bbox 1319 4191 1433 4245; x_wconf 77' lang='lat' dir='ltr'><strong>exstinxi</strong></span> <span class='ocrx_word' id='word_1_970' title='bbox 1443 4190 1580 4260; x_wconf 89' lang='lat' dir='ltr'><strong>lampadas</strong></span> <span class='ocrx_word' id='word_1_971' title='bbox 1590 4207 1681 4248; x_wconf 83' lang='lat' dir='ltr'><strong>etrrtne</strong></span> <span class='ocrx_word' id='word_1_972' title='bbox 1692 4205 1740 4263; x_wconf 85' lang='lat' dir='ltr'><strong>per</strong></span> 
     </span>
     <span class='ocr_line' id='line_1_134' title="bbox 943 4249 1739 4330; baseline 0.013 -20"><span class='ocrx_word' id='word_1_973' title='bbox 943 4249 1207 4324; x_wconf 88' lang='lat' dir='ltr'><strong>immisericordiam,</strong></span> <span class='ocrx_word' id='word_1_974' title='bbox 1231 4267 1258 4313; x_wconf 90' lang='lat' dir='ltr'><strong>et</strong></span> <span class='ocrx_word' id='word_1_975' title='bbox 1273 4257 1444 4315; x_wconf 87' lang='lat' dir='ltr'><strong>obtenebrari</strong></span> <span class='ocrx_word' id='word_1_976' title='bbox 1460 4261 1543 4317; x_wconf 90' lang='lat' dir='ltr'><strong>cerda</strong></span> <span class='ocrx_word' id='word_1_977' title='bbox 1568 4276 1684 4330; x_wconf 86' lang='lat' dir='ltr'><strong>earum,</strong></span> <span class='ocrx_word' id='word_1_978' title='bbox 1707 4279 1739 4320; x_wconf 88' lang='lat' dir='ltr'><strong>ac</strong></span> 
     </span>
     <span class='ocr_line' id='line_1_135' title="bbox 942 4325 1736 4402; baseline 0.008 -18"><span class='ocrx_word' id='word_1_979' title='bbox 942 4327 1051 4384; x_wconf 89' lang='lat' dir='ltr'><strong>demum</strong></span> <span class='ocrx_word' id='word_1_980' title='bbox 1063 4339 1124 4382; x_wconf 91' lang='lat' dir='ltr'><strong>cere</strong></span> <span class='ocrx_word' id='word_1_981' title='bbox 1139 4327 1197 4384; x_wconf 84' lang='lat' dir='ltr'><strong>luce</strong></span> <span class='ocrx_word' id='word_1_982' title='bbox 1211 4338 1344 4392; x_wconf 90' lang='lat' dir='ltr'><strong>carerent,</strong></span> <span class='ocrx_word' id='word_1_983' title='bbox 1359 4331 1480 4401; x_wconf 79' lang='lat' dir='ltr'><strong>ingressu</strong></span> <span class='ocrx_word' id='word_1_984' title='bbox 1500 4325 1642 4402; x_wconf 81' lang='lat' dir='ltr'><strong>prohibitu</strong></span> <span class='ocrx_word' id='word_1_985' title='bbox 1661 4345 1736 4391; x_wconf 88' lang='lat' dir='ltr'><strong>suut.</strong></span> 
     </span>
     <span class='ocr_line' id='line_1_136' title="bbox 942 4399 1740 4475; baseline 0.01 -22"><span class='ocrx_word' id='word_1_986' title='bbox 942 4399 1011 4453; x_wconf 75' lang='lat' dir='ltr'><strong>dlice</strong></span> <span class='ocrx_word' id='word_1_987' title='bbox 1025 4411 1089 4453; x_wconf 88' lang='lat' dir='ltr'><strong>uero</strong></span> <span class='ocrx_word' id='word_1_988' title='bbox 1102 4400 1220 4470; x_wconf 90' lang='lat' dir='ltr'><strong>quinque</strong></span> <span class='ocrx_word' id='word_1_989' title='bbox 1233 4414 1295 4454; x_wconf 92' lang='lat' dir='ltr'><strong>cum</strong></span> <span class='ocrx_word' id='word_1_990' title='bbox 1316 4411 1533 4470; x_wconf 78' lang='lat' dir='ltr'><strong>perataeessent,</strong></span> <span class='ocrx_word' id='word_1_991' title='bbox 1554 4419 1615 4460; x_wconf 88' lang='lat' dir='ltr'><strong>cunr</strong></span> <span class='ocrx_word' id='word_1_992' title='bbox 1639 4420 1740 4475; x_wconf 88' lang='lat' dir='ltr'><strong>sponse</strong></span> 
     </span>
     <span class='ocr_line' id='line_1_137' title="bbox 942 4471 1740 4546; baseline 0.009 -21"><span class='ocrx_word' id='word_1_993' title='bbox 942 4471 1074 4540; x_wconf 78' lang='lat' dir='ltr'><strong>ingressae</strong></span> <span class='ocrx_word' id='word_1_994' title='bbox 1093 4478 1170 4536; x_wconf 90' lang='lat' dir='ltr'><strong>suut;</strong></span> <span class='ocrx_word' id='word_1_995' title='bbox 1187 4477 1214 4524; x_wconf 92' lang='lat' dir='ltr'><strong>et</strong></span> <span class='ocrx_word' id='word_1_996' title='bbox 1226 4485 1276 4541; x_wconf 82' lang='lat' dir='ltr'><strong>ego</strong></span> <span class='ocrx_word' id='word_1_997' title='bbox 1289 4471 1371 4526; x_wconf 85' lang='lat' dir='ltr'><strong>elerrsi</strong></span> <span class='ocrx_word' id='word_1_998' title='bbox 1394 4473 1500 4543; x_wconf 81' lang='lat' dir='ltr'><strong>januas,</strong></span> <span class='ocrx_word' id='word_1_999' title='bbox 1516 4491 1566 4530; x_wconf 93' lang='lat' dir='ltr'><strong>uec</strong></span> <span class='ocrx_word' id='word_1_1000' title='bbox 1588 4478 1695 4546; x_wconf 87' lang='lat' dir='ltr'><strong>perntisi</strong></span> <span class='ocrx_word' id='word_1_1001' title='bbox 1712 4476 1740 4532; x_wconf 92' lang='lat' dir='ltr'><strong>td</strong></span> 
     </span>
     <span class='ocr_line' id='line_1_138' title="bbox 942 4541 1738 4664; baseline 0.01 -70"><span class='ocrx_word' id='word_1_1002' title='bbox 942 4544 1062 4664; x_wconf 69' lang='lat' dir='ltr'><strong>quinque</strong></span> <span class='ocrx_word' id='word_1_1003' title='bbox 1087 4554 1154 4595; x_wconf 79' lang='lat' dir='ltr'><strong>meae</strong></span> <span class='ocrx_word' id='word_1_1004' title='bbox 1182 4541 1322 4598; x_wconf 79' lang='lat' dir='ltr'><strong>intrarent.</strong></span> <span class='ocrx_word' id='word_1_1005' title='bbox 1343 4541 1416 4614; x_wconf 88' lang='lat' dir='ltr'><strong>Opes</strong></span> <span class='ocrx_word' id='word_1_1006' title='bbox 1442 4547 1513 4600; x_wconf 89' lang='lat' dir='ltr'><strong>enirn</strong></span> <span class='ocrx_word' id='word_1_1007' title='bbox 1537 4561 1625 4602; x_wconf 82' lang='grc' dir='ltr'>ιιιιιιιιι</span> <span class='ocrx_word' id='word_1_1008' title='bbox 1645 4558 1687 4603; x_wconf 91' lang='lat' dir='ltr'><strong>est</strong></span> <span class='ocrx_word' id='word_1_1009' title='bbox 1711 4555 1738 4602; x_wconf 93' lang='lat' dir='ltr'><strong>ut</strong></span> 
     </span>
     <span class='ocr_line' id='line_1_139' title="bbox 942 4611 1738 4681; baseline 0.01 -16"><span class='ocrx_word' id='word_1_1010' title='bbox 942 4621 1006 4667; x_wconf 90' lang='lat' dir='ltr'><strong>ante</strong></span> <span class='ocrx_word' id='word_1_1011' title='bbox 1029 4611 1143 4666; x_wconf 86' lang='lat' dir='ltr'><strong>totrrincs</strong></span> <span class='ocrx_word' id='word_1_1012' title='bbox 1157 4611 1279 4666; x_wconf 90' lang='lat' dir='ltr'><strong>claedam</strong></span> <span class='ocrx_word' id='word_1_1013' title='bbox 1294 4615 1372 4681; x_wconf 88' lang='lat' dir='ltr'><strong>ostia,</strong></span> <span class='ocrx_word' id='word_1_1014' title='bbox 1383 4629 1431 4671; x_wconf 91' lang='lat' dir='ltr'><strong>nec</strong></span> <span class='ocrx_word' id='word_1_1015' title='bbox 1446 4617 1530 4670; x_wconf 89' lang='lat' dir='ltr'><strong>sinam</strong></span> <span class='ocrx_word' id='word_1_1016' title='bbox 1540 4631 1587 4672; x_wconf 91' lang='lat' dir='ltr'><strong>ees</strong></span> <span class='ocrx_word' id='word_1_1017' title='bbox 1602 4619 1701 4672; x_wconf 88' lang='lat' dir='ltr'><strong>intrare</strong></span> <span class='ocrx_word' id='word_1_1018' title='bbox 1713 4619 1738 4673; x_wconf 88' lang='lat' dir='ltr'><strong>ie</strong></span> 
     </span>
     <span class='ocr_line' id='line_1_140' title="bbox 944 4683 1739 4758; baseline 0.008 -20"><span class='ocrx_word' id='word_1_1019' title='bbox 944 4692 1072 4738; x_wconf 83' lang='lat' dir='ltr'><strong>aternam</strong></span> <span class='ocrx_word' id='word_1_1020' title='bbox 1083 4683 1155 4737; x_wconf 90' lang='lat' dir='ltr'><strong>illam</strong></span> <span class='ocrx_word' id='word_1_1021' title='bbox 1169 4684 1260 4740; x_wconf 88' lang='lat' dir='ltr'><strong>ritem.</strong></span> <span class='ocrx_word' id='word_1_1022' title='bbox 1271 4683 1427 4755; x_wconf 90' lang='lat' dir='ltr'><strong>lili,quihes</strong></span> <span class='ocrx_word' id='word_1_1023' title='bbox 1442 4687 1560 4756; x_wconf 84' lang='lat' dir='ltr'><strong>persuasi</strong></span> <span class='ocrx_word' id='word_1_1024' title='bbox 1575 4698 1603 4744; x_wconf 92' lang='lat' dir='ltr'><strong>ut</strong></span> <span class='ocrx_word' id='word_1_1025' title='bbox 1616 4689 1739 4758; x_wconf 87' lang='lat' dir='ltr'><strong>discipuli</strong></span> 
     </span>
     <span class='ocr_line' id='line_1_141' title="bbox 942 4754 1778 4830; baseline 0.007 -22"><span class='ocrx_word' id='word_1_1026' title='bbox 942 4755 995 4810; x_wconf 91' lang='lat' dir='ltr'><strong>mci</strong></span> <span class='ocrx_word' id='word_1_1027' title='bbox 1011 4763 1112 4818; x_wconf 89' lang='lat' dir='ltr'><strong>essent,</strong></span> <span class='ocrx_word' id='word_1_1028' title='bbox 1125 4762 1152 4809; x_wconf 93' lang='lat' dir='ltr'><strong>et</strong></span> <span class='ocrx_word' id='word_1_1029' title='bbox 1166 4768 1233 4818; x_wconf 88' lang='lat' dir='ltr'><strong>quos</strong></span> <span class='ocrx_word' id='word_1_1030' title='bbox 1248 4754 1327 4810; x_wconf 90' lang='lat' dir='ltr'><strong>docui</strong></span> <span class='ocrx_word' id='word_1_1031' title='bbox 1341 4771 1374 4810; x_wconf 90' lang='lat' dir='ltr'><strong>ee</strong></span> <span class='ocrx_word' id='word_1_1032' title='bbox 1390 4765 1483 4812; x_wconf 82' lang='lat' dir='ltr'><strong>crearit</strong></span> <span class='ocrx_word' id='word_1_1033' title='bbox 1497 4759 1599 4827; x_wconf 88' lang='lat' dir='ltr'><strong>eleum,</strong></span> <span class='ocrx_word' id='word_1_1034' title='bbox 1618 4760 1682 4816; x_wconf 91' lang='lat' dir='ltr'><strong>illue</strong></span> <span class='ocrx_word' id='word_1_1035' title='bbox 1694 4762 1736 4816; x_wconf 93' lang='lat' dir='ltr'><strong>iu-</strong></span> <span class='ocrx_word' id='word_1_1036' title='bbox 1775 4823 1778 4830; x_wconf 29' lang='lat'>¹</span> 
     </span>
     <span class='ocr_line' id='line_1_142' title="bbox 944 4830 1523 4896; baseline 0.009 -16"><span class='ocrx_word' id='word_1_1037' title='bbox 944 4835 1017 4880; x_wconf 87' lang='lat' dir='ltr'><strong>trare</strong></span> <span class='ocrx_word' id='word_1_1038' title='bbox 1030 4839 1083 4878; x_wconf 83' lang='grc' dir='ltr'>ιιοιι</span> <span class='ocrx_word' id='word_1_1039' title='bbox 1100 4837 1227 4894; x_wconf 64' lang='lat' dir='ltr'><strong>possunt,</strong></span> <span class='ocrx_word' id='word_1_1040' title='bbox 1244 4841 1293 4881; x_wconf 91' lang='lat' dir='ltr'><strong>uec</strong></span> <span class='ocrx_word' id='word_1_1041' title='bbox 1307 4841 1321 4880; x_wconf 90' lang='lat' dir='ltr'><strong>a</strong></span> <span class='ocrx_word' id='word_1_1042' title='bbox 1336 4842 1379 4882; x_wconf 90' lang='lat' dir='ltr'><strong>mc</strong></span> <span class='ocrx_word' id='word_1_1043' title='bbox 1394 4830 1523 4896; x_wconf 88' lang='lat' dir='ltr'><strong>separari.</strong></span> 
     </span>
    </p>

    <p class='ocr_par' dir='ltr' id='par_1_10' title="bbox 942 4895 1745 5968">
     <span class='ocr_line' id='line_1_143' title="bbox 978 4895 1737 4971; baseline 0.007 -19"><span class='ocrx_word' id='word_1_1044' title='bbox 978 4895 1006 4952; x_wconf 79' lang='lat'><strong>5.</strong></span> <span class='ocrx_word' id='word_1_1045' title='bbox 1027 4895 1049 4950; x_wconf 90' lang='lat'>0</span> <span class='ocrx_word' id='word_1_1046' title='bbox 1073 4895 1157 4950; x_wconf 88' lang='lat' dir='ltr'><strong>diram</strong></span> <span class='ocrx_word' id='word_1_1047' title='bbox 1180 4905 1208 4950; x_wconf 92' lang='lat' dir='ltr'><strong>et</strong></span> <span class='ocrx_word' id='word_1_1048' title='bbox 1230 4897 1372 4952; x_wconf 85' lang='lat' dir='ltr'><strong>iretnaeem</strong></span> <span class='ocrx_word' id='word_1_1049' title='bbox 1397 4897 1490 4958; x_wconf 79' lang='lat' dir='ltr'><strong>ier-aru.</strong></span> <span class='ocrx_word' id='word_1_1050' title='bbox 1516 4901 1612 4956; x_wconf 92' lang='lat' dir='ltr'><strong>iterum</strong></span> <span class='ocrx_word' id='word_1_1051' title='bbox 1637 4901 1737 4971; x_wconf 87' lang='lat' dir='ltr'><strong>dicare,</strong></span> 
     </span>
     <span class='ocr_line' id='line_1_144' title="bbox 943 4966 1741 5038; baseline 0.011 -20"><span class='ocrx_word' id='word_1_1052' title='bbox 943 4975 1070 5038; x_wconf 86' lang='lat' dir='ltr'><strong>quaetam</strong></span> <span class='ocrx_word' id='word_1_1053' title='bbox 1092 4966 1288 5023; x_wconf 87' lang='lat' dir='ltr'><strong>multitudinem</strong></span> <span class='ocrx_word' id='word_1_1054' title='bbox 1312 4969 1448 5025; x_wconf 89' lang='lat' dir='ltr'><strong>hominem</strong></span> <span class='ocrx_word' id='word_1_1055' title='bbox 1468 4971 1576 5026; x_wconf 83' lang='lat' dir='ltr'><strong>abduxit</strong></span> <span class='ocrx_word' id='word_1_1056' title='bbox 1597 4988 1612 5026; x_wconf 91' lang='lat' dir='ltr'><strong>a</strong></span> <span class='ocrx_word' id='word_1_1057' title='bbox 1635 4974 1741 5027; x_wconf 86' lang='lat' dir='ltr'><strong>miseri·</strong></span> 
     </span>
     <span class='ocr_line' id='line_1_145' title="bbox 943 5036 1742 5110; baseline 0.008 -17"><span class='ocrx_word' id='word_1_1058' title='bbox 943 5038 1047 5102; x_wconf 86' lang='lat' dir='ltr'><strong>cordia,</strong></span> <span class='ocrx_word' id='word_1_1059' title='bbox 1063 5051 1130 5107; x_wconf 86' lang='lat' dir='ltr'><strong>ques</strong></span> <span class='ocrx_word' id='word_1_1060' title='bbox 1149 5036 1218 5093; x_wconf 88' lang='lat' dir='ltr'><strong>lilios</strong></span> <span class='ocrx_word' id='word_1_1061' title='bbox 1235 5039 1364 5110; x_wconf 74' lang='lat' dir='ltr'><strong>gehennae</strong></span> <span class='ocrx_word' id='word_1_1062' title='bbox 1389 5040 1464 5097; x_wconf 87' lang='lat' dir='ltr'><strong>iecit!</strong></span> <span class='ocrx_word' id='word_1_1063' title='bbox 1482 5043 1578 5098; x_wconf 77' lang='lat' dir='ltr'><strong>Attdite</strong></span> <span class='ocrx_word' id='word_1_1064' title='bbox 1599 5045 1742 5099; x_wconf 89' lang='lat' dir='ltr'><strong>immiseri-</strong></span> 
     </span>
     <span class='ocr_line' id='line_1_146' title="bbox 943 5108 1742 5183; baseline 0.01 -19"><span class='ocrx_word' id='word_1_1065' title='bbox 943 5109 1051 5174; x_wconf 87' lang='lat' dir='ltr'><strong>cordes,</strong></span> <span class='ocrx_word' id='word_1_1066' title='bbox 1074 5111 1119 5177; x_wconf 85' lang='lat' dir='ltr'><strong>qui</strong></span> <span class='ocrx_word' id='word_1_1067' title='bbox 1134 5108 1236 5164; x_wconf 85' lang='lat' dir='ltr'><strong>viscere</strong></span> <span class='ocrx_word' id='word_1_1068' title='bbox 1251 5111 1372 5164; x_wconf 89' lang='lat' dir='ltr'><strong>clauditis</strong></span> <span class='ocrx_word' id='word_1_1069' title='bbox 1387 5111 1420 5167; x_wconf 91' lang='lat' dir='ltr'><strong>ab</strong></span> <span class='ocrx_word' id='word_1_1070' title='bbox 1438 5113 1635 5183; x_wconf 79' lang='lat' dir='ltr'><strong>indigentibus:</strong></span> <span class='ocrx_word' id='word_1_1071' title='bbox 1650 5115 1742 5172; x_wconf 82' lang='lat' dir='ltr'><strong>ttrrdite</strong></span> 
     </span>
     <span class='ocr_line' id='line_1_147' title="bbox 945 5177 1740 5253; baseline 0.01 -18"><span class='ocrx_word' id='word_1_1072' title='bbox 945 5190 1053 5235; x_wconf 86' lang='lat' dir='ltr'><strong>tenaces</strong></span> <span class='ocrx_word' id='word_1_1073' title='bbox 1075 5187 1103 5234; x_wconf 85' lang='lat' dir='ltr'><strong>et</strong></span> <span class='ocrx_word' id='word_1_1074' title='bbox 1123 5177 1246 5234; x_wconf 81' lang='lat' dir='ltr'><strong>malefici.</strong></span> <span class='ocrx_word' id='word_1_1075' title='bbox 1265 5180 1339 5236; x_wconf 89' lang='lat' dir='ltr'><strong>Sicut</strong></span> <span class='ocrx_word' id='word_1_1076' title='bbox 1353 5183 1423 5236; x_wconf 93' lang='lat' dir='ltr'><strong>enim</strong></span> <span class='ocrx_word' id='word_1_1077' title='bbox 1439 5184 1456 5237; x_wconf 93' lang='lat' dir='ltr'><strong>ii</strong></span> <span class='ocrx_word' id='word_1_1078' title='bbox 1478 5186 1521 5253; x_wconf 90' lang='lat' dir='ltr'><strong>qui</strong></span> <span class='ocrx_word' id='word_1_1079' title='bbox 1542 5201 1595 5240; x_wconf 90' lang='lat' dir='ltr'><strong>ene</strong></span> <span class='ocrx_word' id='word_1_1080' title='bbox 1608 5186 1740 5242; x_wconf 87' lang='lat' dir='ltr'><strong>miseren·</strong></span> 
     </span>
     <span class='ocr_line' id='line_1_148' title="bbox 945 5250 1741 5326; baseline 0.009 -20"><span class='ocrx_word' id='word_1_1081' title='bbox 945 5259 999 5318; x_wconf 92' lang='lat' dir='ltr'><strong>tur,</strong></span> <span class='ocrx_word' id='word_1_1082' title='bbox 1015 5250 1245 5306; x_wconf 77' lang='lat' dir='ltr'><strong>immisericordiae</strong></span> <span class='ocrx_word' id='word_1_1083' title='bbox 1259 5263 1322 5306; x_wconf 89' lang='lat' dir='ltr'><strong>suet</strong></span> <span class='ocrx_word' id='word_1_1084' title='bbox 1331 5251 1453 5322; x_wconf 82' lang='lat' dir='ltr'><strong>discipuli</strong></span> <span class='ocrx_word' id='word_1_1085' title='bbox 1467 5272 1474 5311; x_wconf 91' lang='lat'><strong>:</strong></span> <span class='ocrx_word' id='word_1_1086' title='bbox 1486 5257 1525 5310; x_wconf 89' lang='lat' dir='ltr'><strong>sic</strong></span> <span class='ocrx_word' id='word_1_1087' title='bbox 1535 5257 1583 5326; x_wconf 77' lang='lat' dir='ltr'><strong>&#39;qtti</strong></span> <span class='ocrx_word' id='word_1_1088' title='bbox 1597 5257 1663 5312; x_wconf 89' lang='lat' dir='ltr'><strong>alios</strong></span> <span class='ocrx_word' id='word_1_1089' title='bbox 1674 5267 1741 5314; x_wconf 89' lang='lat' dir='ltr'><strong>atte-</strong></span> 
     </span>
     <span class='ocr_line' id='line_1_149' title="bbox 944 5321 1744 5388; baseline 0.01 -12"><span class='ocrx_word' id='word_1_1090' title='bbox 944 5330 1018 5388; x_wconf 92' lang='lat' dir='ltr'><strong>runt,</strong></span> <span class='ocrx_word' id='word_1_1091' title='bbox 1035 5321 1144 5386; x_wconf 80' lang='lat' dir='ltr'><strong>ledum,</strong></span> <span class='ocrx_word' id='word_1_1092' title='bbox 1160 5322 1300 5388; x_wconf 88' lang='lat' dir='ltr'><strong>mulctant,</strong></span> <span class='ocrx_word' id='word_1_1093' title='bbox 1318 5325 1472 5384; x_wconf 75' lang='lat' dir='ltr'><strong>verberant.</strong></span> <span class='ocrx_word' id='word_1_1094' title='bbox 1489 5327 1516 5380; x_wconf 89' lang='lat' dir='ltr'><strong>in</strong></span> <span class='ocrx_word' id='word_1_1095' title='bbox 1530 5341 1665 5383; x_wconf 88' lang='lat' dir='ltr'><strong>carcerem</strong></span> <span class='ocrx_word' id='word_1_1096' title='bbox 1677 5344 1744 5384; x_wconf 87' lang='lat' dir='ltr'><strong>cou-</strong></span> 
     </span>
     <span class='ocr_line' id='line_1_150' title="bbox 942 5393 1742 5470; baseline 0.01 -24"><span class='ocrx_word' id='word_1_1097' title='bbox 942 5393 1041 5464; x_wconf 82' lang='lat' dir='ltr'><strong>jieiuut</strong></span> <span class='ocrx_word' id='word_1_1098' title='bbox 1054 5393 1135 5448; x_wconf 90' lang='lat' dir='ltr'><strong>etiam</strong></span> <span class='ocrx_word' id='word_1_1099' title='bbox 1158 5393 1288 5457; x_wconf 90' lang='lat' dir='ltr'><strong>insontes,</strong></span> <span class='ocrx_word' id='word_1_1100' title='bbox 1306 5394 1350 5463; x_wconf 87' lang='lat' dir='ltr'><strong>qui</strong></span> <span class='ocrx_word' id='word_1_1101' title='bbox 1371 5397 1531 5466; x_wconf 85' lang='lat' dir='ltr'><strong>exspoliant,</strong></span> <span class='ocrx_word' id='word_1_1102' title='bbox 1556 5401 1673 5470; x_wconf 88' lang='lat' dir='ltr'><strong>rapiunt,</strong></span> <span class='ocrx_word' id='word_1_1103' title='bbox 1696 5399 1742 5469; x_wconf 87' lang='lat' dir='ltr'><strong>qui</strong></span> 
     </span>
     <span class='ocr_line' id='line_1_151' title="bbox 945 5463 1744 5540; baseline 0.006 -21"><span class='ocrx_word' id='word_1_1104' title='bbox 945 5465 1042 5519; x_wconf 84' lang='lat' dir='ltr'><strong>tratres</strong></span> <span class='ocrx_word' id='word_1_1105' title='bbox 1056 5463 1155 5518; x_wconf 89' lang='lat' dir='ltr'><strong>liberos</strong></span> <span class='ocrx_word' id='word_1_1106' title='bbox 1166 5464 1191 5516; x_wconf 92' lang='lat' dir='ltr'><strong>in</strong></span> <span class='ocrx_word' id='word_1_1107' title='bbox 1205 5464 1361 5520; x_wconf 88' lang='lat' dir='ltr'><strong>servitutem</strong></span> <span class='ocrx_word' id='word_1_1108' title='bbox 1373 5469 1504 5538; x_wconf 72' lang='lat' dir='ltr'><strong>redigunt,</strong></span> <span class='ocrx_word' id='word_1_1109' title='bbox 1516 5470 1561 5540; x_wconf 86' lang='lat' dir='ltr'><strong>qui</strong></span> <span class='ocrx_word' id='word_1_1110' title='bbox 1575 5483 1670 5527; x_wconf 86' lang='lat' dir='ltr'><strong>serres</strong></span> <span class='ocrx_word' id='word_1_1111' title='bbox 1680 5483 1744 5526; x_wconf 90' lang='lat' dir='ltr'><strong>suos</strong></span> 
     </span>
     <span class='ocr_line' id='line_1_152' title="bbox 945 5532 1743 5613; baseline 0.006 -22"><span class='ocrx_word' id='word_1_1112' title='bbox 945 5532 1018 5591; x_wconf 80' lang='lat' dir='ltr'><strong>same</strong></span> <span class='ocrx_word' id='word_1_1113' title='bbox 1031 5541 1154 5595; x_wconf 86' lang='lat' dir='ltr'><strong>enecant.</strong></span> <span class='ocrx_word' id='word_1_1114' title='bbox 1170 5542 1198 5590; x_wconf 90' lang='lat' dir='ltr'><strong>et</strong></span> <span class='ocrx_word' id='word_1_1115' title='bbox 1212 5534 1298 5590; x_wconf 88' lang='lat' dir='ltr'><strong>rtrtdes</strong></span> <span class='ocrx_word' id='word_1_1116' title='bbox 1314 5537 1352 5591; x_wconf 93' lang='lat' dir='ltr'><strong>ire</strong></span> <span class='ocrx_word' id='word_1_1117' title='bbox 1366 5537 1457 5594; x_wconf 88' lang='lat' dir='ltr'><strong>sirumt</strong></span> <span class='ocrx_word' id='word_1_1118' title='bbox 1468 5539 1672 5613; x_wconf 85' lang='lat' dir='ltr'><strong>immaniterque</strong></span> <span class='ocrx_word' id='word_1_1119' title='bbox 1682 5558 1743 5597; x_wconf 88' lang='lat' dir='ltr'><strong>rer·</strong></span> 
     </span>
     <span class='ocr_line' id='line_1_153' title="bbox 946 5604 1740 5679; baseline 0.009 -17"><span class='ocrx_word' id='word_1_1120' title='bbox 946 5605 1052 5670; x_wconf 90' lang='lat' dir='ltr'><strong>beraut,</strong></span> <span class='ocrx_word' id='word_1_1121' title='bbox 1065 5604 1110 5675; x_wconf 88' lang='lat' dir='ltr'><strong>qui</strong></span> <span class='ocrx_word' id='word_1_1122' title='bbox 1123 5604 1263 5659; x_wconf 82' lang='lat' dir='ltr'><strong>uiduarum</strong></span> <span class='ocrx_word' id='word_1_1123' title='bbox 1279 5617 1304 5662; x_wconf 89' lang='lat' dir='ltr'><strong>et</strong></span> <span class='ocrx_word' id='word_1_1124' title='bbox 1320 5609 1480 5678; x_wconf 90' lang='lat' dir='ltr'><strong>pupillorem</strong></span> <span class='ocrx_word' id='word_1_1125' title='bbox 1500 5610 1568 5666; x_wconf 78' lang='lat' dir='ltr'><strong>laerta</strong></span> <span class='ocrx_word' id='word_1_1126' title='bbox 1583 5611 1682 5679; x_wconf 81' lang='lat' dir='ltr'><strong>injuste</strong></span> <span class='ocrx_word' id='word_1_1127' title='bbox 1696 5629 1740 5668; x_wconf 85' lang='lat' dir='ltr'><strong>ra-</strong></span> 
     </span>
     <span class='ocr_line' id='line_1_154' title="bbox 946 5674 1743 5747; baseline 0.014 -18"><span class='ocrx_word' id='word_1_1128' title='bbox 946 5684 1074 5747; x_wconf 88' lang='lat' dir='ltr'><strong>puerunt,</strong></span> <span class='ocrx_word' id='word_1_1129' title='bbox 1090 5676 1171 5730; x_wconf 90' lang='lat' dir='ltr'><strong>etsie</strong></span> <span class='ocrx_word' id='word_1_1130' title='bbox 1187 5674 1336 5742; x_wconf 86' lang='lat' dir='ltr'><strong>ditescunt;</strong></span> <span class='ocrx_word' id='word_1_1131' title='bbox 1358 5679 1384 5733; x_wconf 96' lang='lat' dir='ltr'><strong>hi</strong></span> <span class='ocrx_word' id='word_1_1132' title='bbox 1404 5695 1499 5736; x_wconf 90' lang='lat' dir='ltr'><strong>omnes</strong></span> <span class='ocrx_word' id='word_1_1133' title='bbox 1514 5683 1743 5740; x_wconf 78' lang='lat' dir='ltr'><strong>tramiserieordie</strong></span> 
     </span>
     <span class='ocr_line' id='line_1_155' title="bbox 947 5747 1743 5816; baseline 0.013 -14"><span class='ocrx_word' id='word_1_1134' title='bbox 947 5749 995 5802; x_wconf 90' lang='lat' dir='ltr'><strong>tilii</strong></span> <span class='ocrx_word' id='word_1_1135' title='bbox 1008 5753 1072 5801; x_wconf 92' lang='lat' dir='ltr'><strong>suet</strong></span> <span class='ocrx_word' id='word_1_1136' title='bbox 1087 5750 1115 5800; x_wconf 91' lang='lat' dir='ltr'><strong>et</strong></span> <span class='ocrx_word' id='word_1_1137' title='bbox 1127 5747 1262 5816; x_wconf 85' lang='lat' dir='ltr'><strong>discipuli.</strong></span> <span class='ocrx_word' id='word_1_1138' title='bbox 1285 5747 1356 5805; x_wconf 84' lang='lat' dir='ltr'><strong>Deus</strong></span> <span class='ocrx_word' id='word_1_1139' title='bbox 1373 5749 1446 5806; x_wconf 88' lang='lat' dir='ltr'><strong>cuim</strong></span> <span class='ocrx_word' id='word_1_1140' title='bbox 1464 5749 1607 5808; x_wconf 87' lang='lat' dir='ltr'><strong>miserator</strong></span> <span class='ocrx_word' id='word_1_1141' title='bbox 1621 5761 1648 5808; x_wconf 90' lang='lat' dir='ltr'><strong>et</strong></span> <span class='ocrx_word' id='word_1_1142' title='bbox 1660 5755 1743 5811; x_wconf 88' lang='lat' dir='ltr'><strong>mise·</strong></span> 
     </span>
     <span class='ocr_line' id='line_1_156' title="bbox 948 5816 1744 5893; baseline 0.014 -21"><span class='ocrx_word' id='word_1_1143' title='bbox 948 5819 1036 5874; x_wconf 91' lang='lat' dir='ltr'><strong>ricors</strong></span> <span class='ocrx_word' id='word_1_1144' title='bbox 1057 5816 1145 5872; x_wconf 80' lang='lat' dir='ltr'><strong>neris</strong></span> <span class='ocrx_word' id='word_1_1145' title='bbox 1164 5819 1245 5872; x_wconf 89' lang='lat' dir='ltr'><strong>etiam</strong></span> <span class='ocrx_word' id='word_1_1146' title='bbox 1266 5828 1345 5887; x_wconf 87' lang='lat' dir='ltr'><strong>atque</strong></span> <span class='ocrx_word' id='word_1_1147' title='bbox 1366 5819 1482 5892; x_wconf 77' lang='lat' dir='ltr'><strong>indiguis</strong></span> <span class='ocrx_word' id='word_1_1148' title='bbox 1496 5836 1589 5891; x_wconf 85' lang='lat' dir='ltr'><strong>poenas</strong></span> <span class='ocrx_word' id='word_1_1149' title='bbox 1607 5825 1687 5893; x_wconf 85' lang='lat' dir='ltr'><strong>jessit</strong></span> <span class='ocrx_word' id='word_1_1150' title='bbox 1702 5843 1744 5882; x_wconf 91' lang='lat' dir='ltr'><strong>rc·</strong></span> 
     </span>
     <span class='ocr_line' id='line_1_157' title="bbox 947 5887 1745 5968; baseline 0.013 -22"><span class='ocrx_word' id='word_1_1151' title='bbox 947 5890 1066 5946; x_wconf 89' lang='lat' dir='ltr'><strong>mittere.</strong></span> <span class='ocrx_word' id='word_1_1152' title='bbox 1081 5887 1132 5954; x_wconf 83' lang='lat' dir='ltr'><strong>Qui</strong></span> <span class='ocrx_word' id='word_1_1153' title='bbox 1143 5903 1207 5961; x_wconf 79' lang='lat' dir='ltr'><strong>erqo</strong></span> <span class='ocrx_word' id='word_1_1154' title='bbox 1221 5889 1344 5948; x_wconf 85' lang='lat' dir='ltr'><strong>innoxios</strong></span> <span class='ocrx_word' id='word_1_1155' title='bbox 1355 5893 1509 5964; x_wconf 88' lang='lat' dir='ltr'><strong>opprimunt</strong></span> <span class='ocrx_word' id='word_1_1156' title='bbox 1519 5893 1582 5966; x_wconf 90' lang='lat' dir='ltr'><strong>quid</strong></span> <span class='ocrx_word' id='word_1_1157' title='bbox 1592 5887 1745 5968; x_wconf 74' lang='lat' dir='ltr'><strong>patientur?</strong></span> 
     </span>
    </p>
   </div>
   <div class='ocr_carea' id='block_1_10' title="bbox 0 0 2046 6345">
    <p class='ocr_par' dir='ltr' id='par_1_11' title="bbox 0 0 2046 6345">
     <span class='ocr_line' id='line_1_158' title="bbox 0 0 2046 6345; baseline 0 0"><span class='ocrx_word' id='word_1_1158' title='bbox 0 0 2046 6345; x_wconf 95' lang='lat' dir='ltr'><strong> </strong></span> 
     </span>
    </p>
   </div>
  </div>
 </body>
</html>
