4084 6350
259 301 313 361 alu
368 263 369 266 Ἴ
598 302 627 362 S.
645 303 785 364 JOANNIS
797 303 1038 365 cuuusosuout
1057 311 1217 370 ARGEiEP.
1237 312 1505 377 corisutrtulttuu.
1857 327 1912 390 Ὧι)

260 415 365 504 turbam
378 429 463 487 amas,
483 418 642 490 augelorum
665 419 862 476 multitudinem
877 419 924 476 tibi
937 423 1054 491 attrahe,
1110 427 1262 483 diversoria
1280 430 1445 503 irequentes,
1460 434 1483 490 si
1500 433 1590 492 navim
1600 438 1777 508 conscendas,
1792 439 1911 501 insulam

217 545 221 576 z
259 516 288 564 et
301 507 471 566 daemonibus
483 510 609 567 terribilis
622 519 691 575 esto,
708 513 782 566 etsie
799 511 936 568 bominum
955 515 1057 571 nullam
1111 518 1195 574 adeas
1210 521 1251 575 uei
1265 521 1442 590 regiasades,
1453 525 1477 581 si
1489 525 1773 596 judicialeiorum‘uel
1785 511 1910 592 senatum

216 625 218 634 ν
260 597 371 666 lrabebjs
386 599 537 667 rationem;
561 602 609 658 sed
632 602 721 657 omnia
742 603 822 657 etiam
835 608 897 674 'qum
917 605 1056 671 splendido
1099 609 1204 687 adens,
1220 612 1389 670 secularium
1410 615 1509 688 ubique
1527 602 1618 676 rernm
1635 620 1841 682 sollicitudinem
1859 627 1911 684 ob-

259 691 395 760 uidcutnr,
420 693 458 750 ita
481 695 598 752 calcabis
618 704 649 751 ut
672 710 779 752 eternum
803 705 883 768 atque
906 698 989 753 lutum
1006 718 1013 754 :
1030 709 1057 754 ct
1095 701 1244 778 seruabis,
1257 704 1430 778 singulosque
1445 708 1487 764 iris
1501 710 1528 765 in
1541 711 1622 768 rebus
1636 712 1799 783 laborantes,
1812 716 1913 774 abeun-
1932 682 1934 693 Ι

259 793 322 841 turne
336 785 409 842 clare
433 786 540 843 uidebis
563 787 630 843 nibil
653 787 770 843 animam
786 791 822 844 ita
847 788 1001 860 deturpare,
1013 815 1016 822 ,
1026 800 1057 846 ιιι
1102 802 1164 876 tes,
1178 804 1330 864 monentes,
1343 800 1506 870 navigantes,
1523 803 1664 873 agricolas,
1679 820 1727 861 eos
1740 806 1821 876 quiin
1831 823 1910 878 agro,

256 878 349 962 gioria
364 893 495 937 amorem.
511 880 570 936 Nou
593 881 775 951 potestenim,
792 896 845 937 non
861 890 949 951 potest
964 885 1056 953 utique
1098 887 1216 957 'eosqui
1237 887 1263 943 in
1281 889 1349 945 urbe
1370 889 1501 958 habitant,
1523 907 1576 947 uno
1598 893 1693 962 verbo,
1714 910 1819 953 omnes.
1842 898 1911 968 Quae

258 987 334 1028 natum
348 973 440 1044 glorias
455 983 559 1030 amator
573 975 655 1030 uitam
676 975 796 1031 cruciatu
812 976 917 1046 plenam
931 992 985 1033 non
999 976 1054 1032 du·
1110 976 1189 1032 nobis
1201 993 1264 1048 spes
1275 979 1369 1037 salutis
1379 982 1440 1047 crit,
1454 983 1562 1055 quando
1576 985 1623 1040 Dei
1636 995 1734 1043 terram
1747 989 1910 1058 incolentes,

256 1065 338 1122 cere¹
352 1082 359 1133 ;
374 1067 441 1122 sicut
455 1067 535 1152 etiam
549 1067 594 1137 qui
608 1066 681 1123 illam
695 1068 791 1135 calcat,
808 1083 861 1123 non
884 1076 972 1139 potest
992 1068 1056 1124 uitia
1109 1067 1179 1124 nibil
1197 1085 1230 1125 ca
1244 1086 1304 1141 qnae
1320 1072 1367 1128 liei
1388 1071 1452 1128 sndt
1463 1089 1599 1137 curamus.
1624 1076 1672 1133 sed
1688 1058 1749 1134 eum
1765 1063 1911 1150 jubeamur

257 1155 340 1212 unatrita
354 1171 407 1214 non
430 1157 597 1214 conculcare.
614 1157 740 1229 Numqui
760 1173 856 1214 vanam
872 1159 985 1230 gloriam
1005 1174 1055 1214 su·
1110 1159 1156 1214 bic
1169 1163 1302 1233 peregrini
1312 1178 1384 1232 esse,
1396 1166 1531 1236 peregrini
1547 1171 1574 1221 in
1585 1168 1652 1223 casio
1662 1183 1764 1234 surmus,
1779 1181 1806 1227 et
1816 1173 1911 1229 mundi

257 1251 370 1320 peratil,
386 1249 522 1317 inuidiam,
547 1250 720 1322 pecuniarum
739 1267 870 1326 amorem,
890 1251 1056 1321 caeterosque
1109 1253 1202 1308 cives?
1223 1253 1291 1322 Quid
1312 1253 1361 1311 bac
1375 1256 1528 1326 stupiditate
1539 1257 1679 1316 deterius?
1694 1260 1820 1328 Quotidie
1832 1262 1909 1334 jndi-

256 1343 428 1414 gratissimos
442 1343 552 1399 morbos
570 1343 726 1400 devicturus
739 1353 789 1400 cst.
801 1343 835 1400 Et
854 1342 997 1413 quomodo,
1012 1343 1054 1397 in·
1098 1342 1182 1411 cium
1197 1354 1225 1401 et
1239 1362 1349 1418 reguum
1363 1346 1497 1418 audimus,
1512 1358 1540 1406 et
1557 1352 1664 1422 eosqui
1682 1352 1709 1408 in
1735 1354 1830 1410 diebus
1850 1355 1911 1414 Noe

256 1434 343 1504 quies,
356 1434 439 1494 ¹illam
456 1435 660 1506 superabimus?
677 1434 706 1492 Si
727 1435 805 1491 aliam
829 1444 980 1505 spectemus
994 1433 1054 1506 glo·
1109 1448 1189 1494 erant
1211 1453 1317 1495 necnon
1336 1439 1488 1498 sodomitas
1511 1442 1657 1508 imitamur,
1681 1450 1709 1500 et
1722 1446 1910 1517 experimento

257 1526 337 1593 riam;
350 1525 400 1583 lroc
414 1535 456 1582 est
467 1527 644 1594 caelestema
658 1543 710 1599 qua
724 1527 847 1594 uosbaeo
861 1527 959 1593 ejicere
972 1540 1054 1581 enna-
1095 1531 1199 1600 ,omnia
1218 1530 1341 1590 ediscere
1351 1533 1485 1600 uolumus.
1501 1535 1581 1604 utqui
1595 1534 1655 1590 ideo
1674 1535 1719 1591 illa
1731 1537 1821 1592 omnia
1841 1539 1911 1595 scri·

257 1617 371 1675 tonilla
389 1619 461 1674 enim
481 1634 531 1675 nos
551 1620 620 1676 etin
637 1619 688 1674 bac
709 1619 763 1674 vita
781 1617 941 1690 conspicuos
959 1616 1051 1683 efficit,
1095 1633 1155 1693 ⁴pta
1170 1630 1244 1691 suunt,
1257 1631 1288 1677 ut
1299 1623 1323 1678 si
1335 1623 1395 1694 quis
1409 1623 1498 1679 futura
1518 1638 1571 1679 nou
1593 1623 1694 1692 credat,
1711 1640 1745 1682 ex
1763 1629 1909 1698 praeteritis

256 1712 328 1770 etad
339 1713 455 1769 suturam
467 1712 548 1772 uitam
563 1712 703 1781 nobiscum
716 1712 812 1782 pergit,
832 1719 912 1781 atque
931 1710 966 1766 ab
978 1710 1053 1764 omiti
1107 1715 1211 1771 claram
1224 1715 1338 1787 accipiat
1358 1715 1507 1772 futurorum
1530 1716 1662 1771 notitiam.
1684 1717 1748 1773 Haec
1762 1718 1909 1790 itaqueco-

256 1806 384 1860 seruitute
398 1804 498 1896 camuli
514 1819 563 1861 nos
580 1803 684 1860 liberat.
702 1801 783 1860 Carini
796 1803 894 1886 misere
907 1817 979 1857 nunc
992 1816 1054 1858 ser·
1107 1811 1234 1880 ginantes,
1259 1818 1313 1871 tam
1336 1809 1483 1880 praeterita,
1509 1823 1589 1880 quam
1614 1807 1713 1877 lutura,
1741 1809 1849 1880 paulum
1872 1827 1909 1869 ex

257 1896 353 1962 ulmus,
369 1905 447 1952 terrae
463 1897 629 1966 terrenisque
639 1893 841 1981 rebusaddicti.
853 1892 914 1949 Siue
928 1894 954 1947 in
965 1892 1052 1947 iorum
1107 1902 1648 1974 1120sep-vituperespjrumngnentiquam
1661 1901 1760 1958 animm
1773 1903 1905 1959 rationem

256 1997 283 2044 te
297 1988 429 2056 conseras,
448 1990 504 2046 siue
520 1989 629 2044 domum
643 1989 735 2054 intres,
753 1987 810 2042 sive
830 1986 896 2054 uias,
911 1987 1050 2051 stationes,
1095 1993 1269 2061 'habeamus
1284 2004 1314 2049 ut
1327 2001 1355 2050 et
1380 1993 1522 2064 presentia
1545 2002 1573 2048 et
1599 1994 1687 2049 lutura
1708 1993 1907 2067 consequamur

1095 2085 1189 2161 bona,
1203 2086 1289 2156 gratia
1303 2095 1331 2142 ct
1348 2085 1513 2156 benignitate
1533 2086 1638 2143 Durniui
1654 2087 1738 2144 nostri
1751 2086 1815 2145 lesu
1826 2089 1905 2146 cinri-

253 2158 1053 2292 fflssffijfflfflfflammisifflfgiussfnvffi
1095 2179 1151 2328 ¹iti,
1166 2180 1209 2235 cui
1231 2180 1317 2250 gloria
1340 2186 1369 2236 et
1389 2179 1532 2249 imperium
1558 2179 1584 2235 in
1609 2179 1708 2236 meula
1730 2180 1904 2237 seculorum.

1132 2285 1205 2328 meu.
1624 2283 1628 2291 ·

255 2297 306 2340 tom
317 2286 480 2340 christianum.

259 2401 1900 2436 W

902 2480 1078 2545 nutriuit
1098 2479 1255 2543 XXXIX.

1106 2635 1196 2684 metus
1210 2628 1305 2683 saltem
1320 2625 1353 2682 ad
1369 2626 1499 2683 honorem
1511 2626 1562 2684 sibi
1584 2606 1725 2684 terendum
1747 2628 1868 2685 traberet
1881 2630 1901 2682 ¹.

252 2637 297 2695 it.
321 2635 401 2693 Poier
410 2652 480 2693 uteru
491 2651 542 2692 nort
552 2635 653 2707 judico?
665 2647 824 2705 qttcmquont,
839 2632 885 2686 red
895 2647 968 2685 omne
977 2629 1052 2712 judi·

287 2731 356 2785 cium
370 2728 438 2784 dedit
461 2727 542 2795 Filio,
555 2728 601 2783 23.
615 2737 642 2781 ιιι
655 2741 741 2781 omnes
752 2724 923 2812 vhonorificent
937 2720 1046 2790 uitium,

288 2831 316 2878 ut
327 2821 495 2890 honorificant
505 2818 620 2874 Patren.

206 2940 212 2945 ·
287 2913 313 2968 1.
333 2910 466 2966 indicium
478 2915 594 2983 futurum
611 2901 860 2964 timendunt.'Fiiius
879 2921 929 2960 nott
951 2909 1046 2974 socius,

242 3004 295 3082 ⁴red
307 3004 339 3060 ob
348 2999 442 3060 eterno
459 3004 567 3076 penitus.
581 3003 698 3058 clariano
717 2990 842 3075 quomodo
855 3009 877 3053 et
891 3015 941 3071 qno
965 3008 1048 3053 triente

250 3099 281 3154 de
292 3115 319 3154 se
331 3098 435 3169 loqueum
447 3096 554 3151 humilio
569 3097 718 3166 permisceat
738 3093 896 3148 sublimibus.
915 3122 951 3133 —
965 3091 1048 3148 Multa

250 3193 327 3251 ttnbis
337 3206 404 3263 opus
415 3200 457 3269 est
470 3192 496 3247 in
506 3190 631 3249 omnibus
647 3176 796 3259 diligentia,
812 3186 916 3251 dileeti;
933 3201 1045 3243 accura-

1091 2717 1172 2794 'Cum
1183 2717 1257 2786 dicit,
1278 2718 1369 2783 Omne,
1384 2718 1475 2786 idest,
1498 2719 1626 2792 puniendi
1644 2727 1674 2776 et
1687 2720 1836 2776 bonoraudi
1851 2735 1902 2790 po-

1104 2817 1229 2867 testatem
1242 2809 1333 2876 babet,
1350 2817 1430 2881 atque
1444 2818 1588 2882 utrumqne
1603 2824 1652 2882 pro
1669 2809 1755 2867 iubilo
1774 2809 1902 2867 iaciendi.

1093 2895 1172 2960 'illud
1186 2919 1259 2970 vero,
1274 2903 1363 2971 dedit,
1387 2904 1554 2970 dictumest,
1569 2921 1604 2960 ne
1615 2905 1702 2975 ipsum
1715 2919 1768 2960 non
1781 2906 1902 2976 genitum

1090 3010 1165 3065 esse
1178 2996 1334 3066 suspiceris,
1348 3010 1437 3065 neque
1456 3005 1533 3067 putes
1547 2995 1614 3052 ditos
1636 3011 1697 3053 esse
1712 2997 1822 3052 Patres:
1837 3011 1901 3052 nam

1102 3087 1232 3160 quidquid
1247 3098 1289 3144 est
1304 3087 1393 3155 Pater,
1406 3095 1448 3143 est
1461 3096 1489 3143 et
1501 3087 1587 3142 Filius
1597 3089 1618 3154 ¹,
1635 3089 1741 3160 genitus
1765 3097 1792 3144 et
1816 3087 1902 3145 Filius

1088 3197 1226 3263 ¹manneus.
1241 3182 1275 3239 Ut
1285 3196 1351 3238 uero
1361 3180 1450 3237 discas
1460 3179 1537 3249 illud,
1553 3182 1641 3247 lledit,
1665 3181 1782 3252 idipsum
1796 3182 1901 3255 signid-

174 3318 177 3321 -
243 3272 303 3339 ⁴tam
313 3284 411 3356 quippe
425 3282 555 3338 rationem
565 3280 686 3337 dabimus
696 3288 723 3335 et
734 3278 875 3334 uerborum
884 3286 912 3333 ct
921 3291 1043 3347 operum.
1101 3290 1165 3332 care
1185 3275 1267 3346 quod,
1282 3276 1386 3345 genuit,
1406 3274 1468 3331 nudi
1482 3274 1545 3329 illud
1558 3274 1612 3330 alio
1632 3275 1692 3330 loco
1712 3274 1898 3331 declaratum:

249 3375 304 3432 Res
316 3376 388 3431 enim
409 3384 509 3431 nostrae
529 3388 582 3429 non
602 3380 665 3428 sunt
687 3372 827 3442 praesentis
842 3370 903 3424 vitat
918 3367 1047 3424 limitibus
1102 3369 1176 3424 Sicut
1188 3365 1268 3423 Pater
1282 3368 1356 3423 babet
1367 3368 1444 3423 nitunt
1462 3368 1490 3422 iu
1501 3357 1646 3438 semetipso,
1661 3368 1698 3421 ito
1707 3368 1778 3422 dedit
1788 3377 1814 3424 et
1827 3367 1900 3422 Filio

249 3469 469 3540 circumscriptae,
486 3466 534 3523 sed
548 3464 600 3521 alla
624 3479 674 3521 nos
694 3471 838 3533 exceptura
852 3470 894 3518 est
906 3462 968 3516 vitm
981 3476 1047 3517 con·
1100 3461 1179 3515 uitam
1192 3460 1284 3515 dobere
1295 3462 1323 3516 in
1336 3460 1470 3531 semetipso
1492 3459 1529 3531 (o.
1546 3456 1585 3531 7).
1597 3457 1667 3526 Quid
1686 3460 1769 3531 ergo?
1790 3460 1900 3531 prinsne

249 3560 325 3625 ditio,
341 3560 534 3631 tremendoque
542 3557 641 3629 judicio
655 3558 791 3613 sistamur.
805 3553 899 3609 Omnes
911 3554 978 3609 eninr
987 3569 1044 3619 noa,
1100 3552 1188 3621 ipsum
1201 3552 1302 3623 genuit,
1323 3566 1356 3607 ac
1369 3550 1467 3606 deinde
1488 3550 1569 3606 vitam
1580 3550 1671 3606 dedit?
1689 3549 1740 3618 Qui
1754 3550 1801 3606 dat
1812 3552 1897 3617 eninr,

248 3652 335 3725 inquit
347 3638 456 3718 Paulus,
469 3650 626 3721 trmrriserrnri
642 3657 740 3719 oportet
750 3655 808 3701 oum
818 3644 930 3701 tuburno!
939 3643 1045 3711 Christi,
1086 3631 1207 3698 'cuidam
1216 3642 1357 3699 exsistenti
1370 3641 1425 3697 dat.
1440 3641 1548 3715 Ergone
1561 3640 1668 3713 genitus
1677 3649 1735 3697 erat
1751 3642 1810 3699 sine
1821 3642 1899 3698 rita?

248 3755 278 3801 ιιι
291 3748 386 3819 referat
399 3744 579 3817 sumptisque,
593 3758 651 3814 quot
665 3757 710 3813 per
723 3755 815 3810 corpus
827 3739 887 3811 epit,
905 3747 980 3809 prout
989 3754 1046 3809 gea-
1099 3733 1200 3789 Verum
1216 3732 1267 3789 luoc
1289 3749 1323 3789 ne
1347 3733 1484 3789 dromones
1498 3731 1606 3805 quidem
1620 3734 1790 3805 suspieentur
1802 3752 1810 3788 ε
1824 3734 1898 3789 mul-

247 3839 292 3906 sit,
302 3839 353 3893 aitte
368 3838 470 3905 bonum,
482 3837 533 3891 siue
545 3834 641 3889 utrium
654 3834 691 3906 (E.
708 3832 767 3889 Cor.
782 3833 809 3889 5.
824 3830 879 3904 ill).
895 3832 951 3888 lioc
961 3833 1046 3888 tribu·
1100 3836 1155 3883 tam
1169 3827 1269 3899 quippe
1290 3827 1371 3883 babet
1395 3828 1526 3882 insoniam
1551 3842 1612 3882 cnm
1634 3827 1770 3898 impietate
1782 3827 1899 3898 conpun-

248 3930 293 3985 nal
314 3942 422 3999 semper
436 3928 593 3998 cogitemus,
610 3934 634 3979 et
657 3924 697 3979 sic
708 3937 816 3994 semper
830 3922 920 3977 uirtuti
941 3922 1045 3977 incum-
1099 3929 1181 3976 ctam.
1196 3918 1427 3987 Quaemadmodum
1443 3934 1508 3991 ergo
1522 3916 1599 3985 iliud,
1624 3916 1702 3973 Dedit
1720 3919 1897 3984 piramidem

248 4022 314 4081 bere
324 4022 480 4093 poterimus.
495 4018 560 4075 Nam
572 4018 641 4074 sieut
650 4018 673 4073 is
686 4017 732 4088 qui
744 4016 816 4071 illam
825 4016 898 4075 diem
909 4014 944 4071 ab
954 4016 1044 4070 animo
1098 4008 1232 4080 estquod,
1247 4008 1345 4065 Genuit
1357 4010 1445 4079 ipsum
1457 4008 1538 4064 vitam
1548 4026 1555 4063 :
1567 4008 1617 4073 sic,
1632 4007 1710 4064 Dedit
1715 4008 1855 4080 judicium,
1866 4010 1896 4066 id

242 4103 332 4186 ejicit,
346 4114 420 4185 quasi
435 4127 520 4184 equus
536 4124 653 4167 excusso
672 4108 750 4165 irene
772 4110 798 4163 in
822 4094 967 4178 praecipitia
990 4107 1045 4163 ruit
1088 4092 1150 4168 est,
1173 4102 1260 4175 lpsum
1273 4100 1392 4172 judicem
1405 4100 1507 4171 genuit.
1523 4102 1631 4157 Etenim
1652 4116 1686 4157 ne
1697 4101 1809 4157 audiens
1823 4102 1897 4172 quod

248 4203 437 4277 (Proponamus
449 4203 532 4270 enim,
549 4202 644 4274 inquit,
658 4201 705 4256 vt'ae
724 4202 778 4271 eiua
790 4198 816 4254 in
830 4201 898 4253 oanni
915 4208 1044 4270 tempore:
1097 4196 1156 4264 ipse
1165 4194 1272 4250 Patrem
1283 4208 1391 4249 cansam
1400 4192 1536 4260 babuerit,
1547 4192 1729 4249 diversitatem
1737 4193 1898 4251 substautias

248 4308 276 4357 ct
288 4314 397 4355 causam
412 4296 529 4353 aderens
543 4298 592 4363 ait,
608 4296 765 4369 deluuntur
774 4293 876 4367 judicio
891 4301 934 4346 tuo
947 4308 964 4346 o
978 4292 1045 4364 socie
1088 4296 1186 4362 putes,
1197 4288 1381 4358 horroremque
1391 4287 1534 4353 minorem,
1548 4287 1606 4356 ipse
1615 4288 1688 4343 uenit
1697 4294 1724 4341 te
1734 4286 1894 4357 judicatum,

150 4388 153 4395 '
247 4395 302 4466 ejus
313 4392 399 4466 [Psoi.
414 4392 441 4447 9.
454 4390 532 4464 dib:
549 4391 585 4444 ita
599 4389 643 4459 qui
663 4402 771 4458 semper
792 4386 843 4441 boc
856 4386 952 4441 timore
966 4391 1043 4441 iene-
1096 4381 1161 4436 bine
1173 4376 1374 4451 aequalitatem·
1387 4376 1542 4433 ostendens.
1554 4376 1605 4446 Qui
1615 4377 1686 4432 enim
1700 4392 1768 4449 quos
1777 4378 1835 4431 vult
1845 4392 1898 4447 pu-

248 4496 302 4551 tur,
329 4493 510 4555 temperanter
534 4482 648 4539 incedet.
674 4480 752 4544 Nam,
776 4478 931 4544 Recordare,
946 4477 1042 4547 inquit,
1085 4464 1189 4529 'nicndi
1203 4481 1231 4528 et
1245 4470 1395 4549 honorandi
1418 4477 1579 4539 potestatem
1602 4466 1692 4533 babet,
1717 4468 1811 4525 eadem
1834 4484 1897 4538 quae

249 4578 385 4635 nouissimo
406 4578 459 4643 tuo,
481 4585 503 4632 et
525 4578 552 4631 in
570 4584 694 4631 cinnum
708 4590 760 4629 non
773 4572 887 4643 peccabis
907 4570 1001 4644 (Ecsii.
1014 4570 1042 4626 7.
1086 4563 1178 4645 ¹Pater
1190 4573 1289 4635 potest.
1305 4562 1361 4618 Nisi
1371 4636 1375 4643 .
1385 4562 1457 4617 enim
1480 4558 1533 4617 hoo
1545 4568 1627 4627 essct,
1644 4560 1691 4616 scd
1706 4570 1798 4630 postea
1813 4576 1896 4631 quam

247 4672 304 4743 lo).
317 4670 368 4741 Qui
382 4670 454 4726 enim
468 4684 539 4725 nunc
548 4668 658 4725 dimittit
671 4666 748 4721 nobis
760 4675 877 4736 peecata,
892 4666 915 4719 is
931 4672 994 4719 tuuc
1001 4662 1046 4734 io-
1097 4660 1204 4730 genitus
1217 4655 1304 4712 inerat
1318 4656 1447 4711 bonorem
1462 4653 1619 4723 accepisset,
1634 4667 1694 4722 quor
1706 4665 1786 4707 eausa
1802 4651 1852 4705 init
1867 4661 1897 4706 ue

247 4766 301 4822 der
316 4764 436 4829 sedenim
451 4764 497 4835 qui
510 4770 632 4821 mortuus
649 4770 691 4817 est
708 4774 756 4829 pro
778 4756 866 4823 nobis,
881 4742 925 4814 bic
938 4757 1046 4813 univer·
1096 4751 1154 4821 ipse
1166 4749 1300 4821 posterior
1313 4746 1509 4803 honoraretur?
1522 4760 1574 4816 qno
1589 4752 1667 4815 pacto
1680 4744 1716 4799 ita
1731 4742 1853 4811 proiecit,
1866 4753 1898 4798 nt

248 4871 305 4913 sam
319 4854 572 4925 naturantJudleans
581 4850 731 4924 apparebit.
745 4848 842 4904 lterum
852 4848 935 4914 enim,
947 4848 1044 4918 inqnit,
1097 4844 1168 4899 banc
1178 4840 1333 4913 dignitatem
1347 4837 1499 4907 acciperet?
1510 4834 1568 4891 Non
1588 4834 1746 4891 erubescitis
1767 4833 1830 4890 dnm
1845 4834 1897 4887 im·

248 4950 303 5004 sine
315 4959 418 5018 precato
432 4947 557 5003 uidebitur
578 4941 771 5015 suscipientibus
789 4942 873 5011 ipsum
890 4940 1044 4995 adsalutem
1086 4935 1205 5005 ,mortali
1219 4934 1376 5002 nullumque
1388 4938 1560 5001 angmentum
1575 4928 1716 5001 accipienti
1729 4937 1831 4983 naturae
1844 4928 1897 4982 bu-

248 5039 343 5112 (lielr.
357 5039 383 5095 u.
395 5037 453 5110 28).
467 5036 646 5108 Quamobrem
661 5033 712 5090 boc
721 5034 781 5089 loco
794 5031 874 5087 dicit:
887 5030 966 5088 Pater
974 5048 1045 5087 meos
1096 5044 1176 5085 mana
1190 5035 1285 5083 ettam
1301 5024 1362 5080 viiia
1378 5023 1551 5081 adscribitis?
1565 5023 1619 5079 Cur
1632 5037 1707 5094 ergo,
1728 5021 1843 5091 inquies,
1857 5021 1895 5076 ita

247 5132 404 5204 poniudimi
416 5145 576 5203 quenquam,
585 5127 631 5183 aed
644 5143 718 5182 omne
725 5125 855 5197 judicium
877 5124 948 5181 dedit
963 5122 1043 5192 Filio,
1063 5154 1072 5170 ι
1097 5119 1232 5191 loquitur?
1244 5117 1280 5175 Ut
1291 5116 1362 5173 dicta
1374 5115 1476 5171 facilius
1487 5114 1642 5182 credantur,
1654 5122 1681 5168 et
1693 5112 1726 5168 ad
1737 5112 1895 5168 sublimiora

248 5234 278 5281 ut
291 5242 376 5281 ornnes
391 5222 558 5293 bonorificent
573 5219 680 5284 Filium,
695 5229 723 5274 att
737 5219 907 5287 tonoripcnur
927 5218 1042 5274 Putrem.
1087 5212 1167 5280 uiam
1181 5219 1272 5283 paret;
1286 5208 1347 5265 ideo
1359 5205 1646 5279 utraquecommiscet,
1658 5204 1896 5274 Videautemqno·

248 5314 356 5385 Ergone
371 5316 487 5375 Patrem,
509 5311 623 5383 inquies,
640 5309 712 5366 illum
728 5309 865 5366 dicemus?
878 5308 965 5364 Absit.
980 5308 1045 5365 ideo
1097 5303 1196 5363 modo:
1212 5318 1272 5358 uam
1287 5318 1303 5357 c
1316 5318 1347 5358 re
1367 5300 1449 5356 luerit
1470 5299 1559 5354 baeca
1580 5297 1711 5369 principio
1735 5296 1893 5353 obseruare.

248 5424 364 5479 namque
384 5406 450 5462 dicit
474 5404 584 5472 Filium,
607 5410 637 5459 nt
648 5400 746 5458 Filium
762 5411 913 5458 manentem
929 5400 1044 5471 bonore-

247 5518 308 5560 mus
320 5504 390 5559 sicut
404 5502 521 5557 Patrem.
537 5496 586 5569 Qui
601 5512 665 5553 uero
675 5496 762 5568 ipsum
774 5503 853 5551 uocat
862 5496 980 5561 Patrem,
990 5509 1044 5549 non
1087 5555 1089 5558 ,
1096 5458 1462 5592 cgnzflfflffifflffim
1472 5455 1896 5581 fflfffflffimsghss

248 5596 317 5652 ultra
340 5593 438 5649 Filium
461 5602 489 5649 ut
502 5594 608 5649 Patrem
630 5590 755 5657 honorat,
773 5588 820 5645 sed
835 5589 923 5644 onmia
938 5588 1042 5644 miscel.
1096 5588 1226 5643 mitcmod
1238 5588 1352 5639 bonorem
1363 5584 1547 5648 misnensem
1558 5582 1673 5633 traderet.

246 5688 314 5759 (luia
328 5678 539 5760 ergobeuetieio
554 5684 642 5743 affecti
655 5684 780 5740 homines
801 5699 853 5740 non
876 5684 910 5739 ito
933 5682 966 5737 ad
986 5680 1046 5738 oili·
1089 5656 1140 5768 ’ω’
1156 5651 1256 5713 quidam
1270 5650 1375 5713 mm·
1386 5660 1444 5699 ’ΨΜ
1459 5644 1578 5711 ΜΛ
1593 5641 1735 5700 mm·
1748 5640 1896 5693 ’1006ῑῆἕῦ

247 5780 319 5839 oium
330 5779 456 5851 redeunt,
477 5786 506 5836 ut
531 5776 670 5849 castigati3
685 5774 748 5834 ideo
763 5776 893 5871 terribilia
911 5776 991 5863 dixit,
1014 5782 1045 5830 ut
1089 5853 1096 5869 ·
1130 5752 1195 5830 ¹¹nlii
1212 5775 1309 5841 legunt,
1319 5770 1475 5834 nobilitatem
1484 5784 1537 5838 pro,
1548 5766 1720 5837 equalitatem
