4084 6350
616 331 1208 419 mtotdbfflbmmvtam

134 461 167 518 nis
189 455 222 514 ab
243 452 406 528 aspritudine
428 451 548 522 liberari,
570 451 687 520 mansit,
710 465 759 508 nec
780 449 908 508 discessis
959 455 1186 522 h-hw
1216 496 1290 546 q,

135 550 232 610 Edamsi
245 549 322 606 euim
336 561 390 605 nun
411 546 566 618 praeterita,
581 561 671 602 aunon
685 543 772 601 lutura
793 553 914 615 poterant
964 555 1051 604 tan
1067 551 1138 608 lu
1158 571 1185 612 ς,
1204 580 1266 623 .,,
1298 527 1355 625 ,⁴

135 645 222 703 llnm'a
242 643 306 698 loco
325 639 539 704 abducere.nisi
553 637 764 711 patientissimus
777 637 914 694 luisset¹l
965 639 1290 710 ὤμω,
1349 630 1361 643 ’

135 738 211 809 doqita
224 734 300 792 euim
315 742 558 806 eumquantacura
576 731 666 788 caeteri
684 731 750 802 ieqri
766 729 915 802 vigilarent.
967 731 1086 802 ciperes,
1105 752 1155 793 ι.
1176 757 1289 805 m
1323 723 1376 819 n..

136 831 214 902 lleque
233 842 306 886 enim
323 833 494 898 tempusque
513 823 637 896 agitanda
651 830 710 880 erat
721 831 917 896 aqua,notum
970 823 1084 882 iudicare
1100 843 1196 898 pa·
1226 851 1265 906 ῃ
1285 858 1354 904 .-
1386 894 1400 911 .
1430 818 1448 838 ‘

140 932 212 988 erat;
236 919 280 977 sed
306 919 417 988 claudi,
443 929 472 975 et
492 918 577 974 mutili
599 918 743 974 obseruare
772 925 916 988 poterant;
971 919 1198 988 mimam,
1211 942 1439 1004 *Q

143 1015 263 1072 eseirem
276 1009 416 1084 quomodo
429 1011 636 1080 uidissent,nisi
656 1009 771 1068 iortasse
792 1026 825 1068 ex
844 1019 921 1068 motu
972 1009 1097 1066 orandam
1114 1012 1333 1081 derum
1363 1006 1454 1097 μ’

145 1107 290 1164 didicissent.

973 1115 1053 1169 mus,
1075 1110 1121 1158 aut
1137 1109 1314 1170 enu-
1336 1131 1505 1194 m·

166 1199 187 1254 il
203 1197 402 1254 Erubescamus
426 1209 511 1268 erqo,
535 1195 741 1262 erubescamus,
763 1195 871 1264 dilecti,
893 1204 921 1253 et
974 1191 1088 1250 Castitas
1099 1195 1169 1252 euin
1181 1207 1223 1254 est
1233 1209 1395 1274 m
1409 1235 1427 1270 ς
1447 1247 1502 1290 ἡ

138 1296 256 1364 lngeamus
274 1290 312 1348 de
332 1297 422 1346 nostra
440 1297 512 1346 muta
526 1277 649 1361 segnitie.
671 1289 718 1344 llle
737 1290 844 1361 triginta
859 1297 921 1346 octo
974 1287 1147 1358 superandas.
1165 1289 1196 1346 ln
1214 1291 1376 1368 hipra.
1413 1322 1444 1362 ,p
1473 1336 1571 1380 ⁴⁶».

135 1386 197 1442 annis
206 1384 404 1457 perseverarit,
416 1398 466 1440 nec
475 1382 548 1455 quod
558 1383 663 1440 uolebat
672 1393 823 1455 acceperat,
834 1399 922 1458 neque
975 1381 1143 1450 certamina,
1164 1383 1200 1438 ibi
1221 1393 1318 1458 tropa
1336 1407 1499 1464 m
1554 1446 1598 1471 ‚n

134 1476 366 1534 cumdiscessit:
379 1491 466 1547 neque
478 1491 513 1532 ex
525 1475 688 1548 negligentia
701 1491 749 1532 sua
761 1491 815 1532 non
827 1490 922 1532 conse·
946 1518 950 1526 .
976 1472 1084 1546 quando
1100 1489 1180 1530 neruo
1196 1478 1302 1534 resistit.
1315 1481 1383 1540 s-
1397 1503 1461 1545 -q
1488 1520 1553 1557 u
1590 1540 1621 1564 ω

133 1581 216 1643 quotus
233 1580 297 1637 est;
318 1571 367 1628 sed
386 1570 446 1626 aliis
460 1569 666 1642 impedientibus
679 1570 787 1641 uimque
808 1585 921 1641 passus;
976 1561 1063 1620 hosne
1077 1567 1489 1640 mansuetuda-2120,
1512 1607 1592 1650 „a
1625 1552 1655 1658 Ξ

133 1677 206 1734 neque
219 1672 315 1718 tamen
331 1661 604 1734 proptereaanimum
619 1661 783 1732 despondit:
797 1675 922 1718 nosrero
976 1657 1064 1713 tribus
1077 1656 1221 1728 propositis
1238 1661 1415 1722 num
1432 1685 1556 1742 m
1579 1716 1643 1747 ...
1673 1734 1689 1752 .

132 1755 248 1812 sidenem
265 1755 363 1812 diebus
380 1769 584 1826 perseveremus
598 1769 691 1825 prore
704 1754 790 1826 aliqua
807 1769 922 1826 precan-
977 1757 1089 1806 renatos
1108 1749 1251 1821 relinquit,
1264 1766 1345 1808 unum
1362 1754 1390 1810 ia
1407 1773 1511 1831 m
1532 1787 1615 1832 ω,
1644 1793 1712 1843 4-

132 1859 244 1917 tes,nee
259 1847 567 1920 impetremus,deiude
579 1857 719 1919 torpemus
729 1847 756 1903 iu
767 1847 862 1904 eodem
877 1848 925 1905 ad·
978 1842 1096 1912 lili).
1111 1841 1621 1923 Sed,inquies,qnidqmw
1649 1886 1690 1931 a
1720 1909 1727 1925 ¹

131 1945 237 2000 bibendo
251 1943 354 2002 studio.
375 1943 411 1998 Et
423 1942 469 2014 qui
483 1941 637 1998 bominibus
652 1951 705 1998 tam
720 1943 845 1998 diuturno
857 1951 925 2000 tem-
979 1950 1030 2008 ego
1049 1935 1120 1991 dico.
1140 1935 1239 2014 bequts
1256 1950 1320 2008 erqo
1338 1943 1461 2010 nequeas
1476 1952 1559 2016 qo,
1598 1964 1654 2025 q„
1677 1987 1735 2030 u

131 2051 187 2108 pore
206 2036 361 2101 laceremus,
383 2035 551 2103 militantes,
572 2034 600 2090 in
620 2035 748 2091 aerumnis
765 2044 923 2103 uersantes,
979 2026 1624 2104 quamiqnariaqumexroluutatem
1649 2077 1672 2108 ,
1712 2090 1738 2119 ο,

131 2128 228 2184 servilia
242 2129 394 2185 ministeria
408 2137 580 2195 exercentes,
597 2137 624 2185 et
636 2129 662 2183 iu
677 2128 731 2186 llne
743 2143 816 2200 saepe
829 2129 863 2186 ab
880 2129 925 2185 illa
979 2124 1077 2193 uulsi,
1099 2121 1186 2178 b⁰¹¹⁰³
1208 2129 1311 2178 tantam
1330 2136 1391 2178 ΜΘ
1410 2137 1553 2196 Μαι
1571 2137 1668 2210 lm
1686 2174 1742 2212 ἡ,

130 2236 171 2292 spe
183 2221 370 2287 concidimus;
386 2221 456 2292 apud
470 2222 926 2295 bominumnostrum2,ubttonqe
979 2215 1140 2288 milium.
1154 2231 1188 2271 au
1203 2215 1385 2272 continentem
1398 2225 1632 2296 utram,
1643 2253 1673 2296 ῃ
1693 2256 1740 2302 4„

131 2317 210 2386 major
221 2329 331 2372 merces
345 2316 482 2388 sequitur,
496 2331 576 2386 qnam
591 2315 647 2374 sint
657 2317 708 2389 ipsi
722 2317 829 2376 labores
842 2337 849 2372 ε
863 2333 925 2374 nam
979 2309 1052 2366 mite
1065 2319 1093 2365 θῑ
1111 2309 1245 2366 Sitifim?
1258 2308 1292 2364 Εῑ
1306 2323 1374 2378 ωῑ,
1390 2311 1513 2383 inquies,
1525 2331 1579 2374 ass
1590 2333 1627 2380 n
1638 2340 1757 2399 a...

131 2407 200 2480 Spes,
214 2409 318 2480 inquit,
332 2425 383 2466 uon
395 2409 530 2482 consentiit
541 2408 630 2482 (Rom.
641 2411 667 2467 5.
683 2410 731 2482 5);
745 2424 806 2467 cum
818 2424 861 2475 eo,
873 2425 927 2482 quo
981 2411 1043 2468 08²,
1057 2410 1087 2457 til
1106 2400 1166 2457 Sibe
1187 2401 1281 2459 libore
1298 2410 1373 2458 recle
1390 2409 1583 2473 cpcmnoel
1592 2411 1672 2484 U*
1686 2437 1761 2487 η,

131 2501 540 2572 paressetstudiopersererare
551 2519 605 2558 nou
616 2502 790 2560 sustinemus.
803 2503 927 2574 litquan-
981 2495 1126 2568 pecoribus
1147 2504 1228 2568 atque
1247 2496 1282 2552 iis
1300 2496 1347 2566 qui
1365 2505 1488 2554 ventrem
1507 2498 1586 2558 deu
1597 2505 1752 2577 snm.

128 2605 157 2650 so
168 2611 221 2651 non
233 2594 368 2666 supplicio
380 2596 437 2650 lraec
447 2595 526 2668 dique
539 2594 659 2652 luerint?
668 2595 735 2650 Nam
746 2595 850 2652 etiamsi
862 2595 928 2652 nibil
982 2591 1019 2648 llt
1037 2590 1128 2648 discas
1147 2589 1219 2646 enim
1243 2589 1302 2646 baec
1314 2589 1396 2646 rerba
1410 2590 1536 2648 inertium
1547 2607 1628 2666 me,
1639 2615 1767 2676 m

130 2689 262 2759 accepturi
279 2701 422 2768 essemm,
437 2689 480 2744 rel
500 2687 552 2744 boe
573 2689 662 2760 ipsum
683 2687 755 2760 quod
773 2687 928 2760 lrequeuter
981 2685 1061 2744 milri.
1077 2687 1213 2743 Ponamus
1226 2699 1288 2744 esse
1300 2700 1391 2758 wem
1405 2691 1433 2742 et
1444 2685 1550 2753 ducem,
1561 2703 1625 2760 repe
1636 2699 1770 2759 mu

132 2780 327 2851 alloqueremur
344 2795 425 2845 eum,
441 2795 529 2836 annon
549 2780 627 2837 bouis
644 2779 793 2836 innumeris
811 2781 930 2853 aequtpa-
982 2781 1085 2838 miente
1103 2789 1132 2838 et
1144 2780 1268 2838 ebrietati
1283 2794 1395 2852 operam
1409 2778 1506 2848 dante,
1521 2779 1722 2858 ducem-ap
1732 2794 1773 2850 ι

132 2873 242 2928 randum
253 2873 347 2930 asset?
356 2871 411 2930 Sed
425 2875 545 2945 precatio
558 2873 692 2932 laboriosa
705 2880 734 2930 et
745 2872 853 2930 assidua
868 2887 930 2931 esse
983 2875 1052 2932 bore
1065 2883 1166 2946 tropm
1180 2873 1301 2931 erexisse
1316 2894 1324 2930 r
1337 2872 1381 2930 eui
1392 2872 1532 2930 uictoriam
1544 2872 1706 2946 imputasset
1716 2893 1775 2944 ιη

130 2966 230 3022 debet?
250 2967 353 3038 quuld
375 2967 403 3023 in
418 2967 516 3024 virtute
537 2983 589 3023 non
612 2968 775 3025 laboriosum
798 2967 859 3024 esti
879 2966 930 3024 Vel
984 2983 1037 3040 pro
1049 2977 1165 3040 regesta
1177 2963 1607 3038 voluptatislruetuurdeeerpati
1619 2965 1778 3032 liden'ant.

131 3057 182 3114 boc
195 3059 295 3130 ipsum,
306 3059 422 3130 inquies,
432 3059 512 3115 ualde
524 3060 632 3116 anxium
642 3059 740 3128 reddit,
752 3061 823 3132 quod
835 3059 930 3131 nequi-
985 3077 1060 3118 mum
1074 3062 1146 3118 cirea
1161 3060 1206 3116 illa
1216 3059 1305 3131 magis
1318 3058 1444 3116 allectum
1457 3071 1530 3124 esse,
1542 3071 1604 3126 quae
1616 3071 1678 3114 cum
1690 3059 1780 3122 labem

131 3151 195 3208 tbm
206 3151 350 3225 voluptas,
365 3151 489 3209 virtutem
506 3152 582 3209 labor
599 3153 763 3212 comitetur:
777 3153 931 3224 multosque
985 3153 1110 3226 peperit?
1129 3152 1193 3210 ideo
1210 3152 1256 3209 ille
1270 3151 1361 3209 virtuti
1381 3150 1488 3207 labores
1501 3148 1665 3217 admiscuit,
1677 3158 1708 3209 ut
1719 3153 1779 3211 anl-

132 3244 246 3301 arbitror
262 3242 378 3314 idipsum
393 3260 525 3315 quaerere.
541 3243 669 3314 Quaenam
691 3246 773 3316 igitur
791 3244 873 3316 buius
890 3246 931 3301 rei
985 3264 1058 3304 mam
1072 3248 1164 3303 rtrrurt
1176 3245 1367 3304 assuefaceret.
1381 3245 1484 3301 idcireo
1495 3244 1623 3301 virtutem
1635 3243 1780 3313 miramur,

131 3352 212 3395 eausa
225 3347 267 3395 est
276 3338 305 3394 'l
318 3337 398 3395 initio
412 3338 486 3395 dedit
499 3339 577 3395 nobis
591 3339 662 3395 lleus
675 3340 757 3395 vtum
772 3338 930 3395 sollicitudi·
986 3342 1051 3398 lieet
1061 3341 1134 3396 illam
1144 3355 1199 3397 nou
1209 3348 1357 3405 sectemur;
1371 3337 1518 3409 nequitiam
1528 3350 1604 3402 aero,
1615 3336 1666 3393 etsi
1678 3338 1784 3397 suarin-

131 3444 167 3484 ne
186 3430 375 3501 laboribusque
395 3444 505 3486 vacuam
519 3450 526 3485 :
540 3429 612 3485 dono
625 3430 703 3485 abusi
722 3445 832 3497 sumus:
849 3438 931 3503 atque
974 3434 1101 3502 simam,
1115 3427 1285 3489 damnamus.
1297 3429 1375 3500 Quod
1388 3430 1412 3485 si
1424 3427 1526 3486 dixeris
1539 3445 1547 3482 a
1560 3424 1615 3483 Cur
1627 3441 1682 3483 nou
1696 3430 1785 3498 pullus

132 3534 168 3575 ex
188 3522 283 3579 inertia
302 3531 377 3578 tanto
396 3522 483 3579 eversi
502 3523 592 3590 boue,
606 3522 761 3595 paradisum
780 3524 930 3581 amisimus.
974 3537 1034 3585 'eos
1049 3530 1179 3584 miramur
1190 3528 1236 3599 qni
1250 3534 1348 3582 natura
1361 3525 1425 3581 boni
1438 3532 1510 3590 surrt,
1524 3538 1604 3595 quatu
1616 3536 1666 3581 eos
1678 3522 1725 3592 qui
1736 3536 1786 3579 vo-

133 3611 198 3668 ldeo
218 3612 378 3670 laboriosam
399 3612 552 3671 bominibus
566 3615 647 3670 vitam
662 3614 797 3683 reddidit,
812 3625 840 3673 et
860 3616 930 3687 apud
985 3620 1111 3677 luntatei
1123 3620 1186 3691 quia
1205 3620 1308 3690 lustum
1325 3625 1368 3673 est
1389 3618 1556 3674 laborantem
1579 3629 1635 3673 non
1653 3613 1787 3673 laboranti

135 3706 278 3761 humanum
290 3720 376 3778 genus
387 3706 439 3763 boc
452 3704 510 3764 lere
521 3706 603 3764 modo
615 3721 676 3764 sese
689 3714 804 3779 purgat:
818 3708 932 3765 Delicias
986 3711 1133 3770 autelerre.
1155 3710 1189 3767 dt
1202 3725 1306 3782 quare,
1319 3710 1427 3781 inquis,
1442 3722 1517 3764 nunc
1529 3706 1701 3764 laboramus?
1718 3705 1788 3775 Quia

136 3812 150 3849 a
165 3798 292 3869 principio
304 3797 367 3854 dedi
376 3798 470 3865 robis;
482 3798 531 3855 sed
543 3814 576 3855 ex
588 3799 699 3855 lenitate
709 3814 768 3855 mea
781 3797 932 3857 deteriores
987 3822 1042 3863 nen
1062 3805 1234 3873 laborantes,
1251 3802 1392 3859 moderate
1409 3816 1463 3857 nou
1481 3800 1594 3873 mimus.
1616 3797 1674 3854 luno
1684 3798 1788 3855 verosi

137 3889 256 3946 erasistis
270 3909 278 3946 ι
290 3890 351 3947 ideo
372 3890 510 3947 laboribus
528 3906 577 3947 ros
595 3890 791 3963 sudoribusque
804 3892 894 3948 addixi
908 3891 930 3949 ⁸.
986 3900 1048 3972 quis
1066 3912 1124 3955 rem
1137 3896 1289 3953 accuratius
1301 3896 1444 3967 exploret,
1460 3894 1515 3949 alio
1526 3891 1608 3949 modo
1620 3906 1671 3949 nos
1683 3888 1789 3955 desidia

139 3978 203 4035 Cum
214 3991 300 4037 autem
316 3996 349 4038 ue
363 3981 407 4038 ille
417 3981 525 4054 quidem
537 3982 613 4038 labor
623 3997 673 4039 uos
682 3981 832 4051 cohiberet,
846 3982 932 4055 leuem
987 3992 1101 4065 perdere
1110 3992 1190 4057 soter,
1200 3989 1370 4061 multumque
1379 3988 1479 4045 laboris
1488 3986 1597 4045 inlerre.
1609 3983 1676 4043 Etsi
1685 3985 1784 4057 placet,

139 4086 229 4130 rursm
240 4074 311 4132 dedit
322 4084 457 4146 praecepta
467 4075 551 4131 multa
563 4076 786 4147 complectentem
797 4094 805 4143 ;
816 4092 866 4133 ceu
876 4078 933 4133 cui·
987 4085 1158 4141 includamus
1171 4083 1325 4151 bominem,
1338 4083 1424 4139 solum
1437 4083 1557 4141 alamm.
1571 4080 1727 4151 ventrisque
1736 4092 1785 4135 uo-

140 4162 199 4219 dam
211 4166 340 4223 indomito
351 4181 421 4239 equo
432 4167 537 4225 lrenum
552 4177 580 4224 et
593 4168 747 4239 compedes,
763 4176 793 4225 ut
805 4168 864 4239 ejus
879 4170 932 4225 im·
987 4179 1091 4250 rupture
1109 4177 1275 4244 obruamus,
1287 4190 1340 4233 nee
1352 4175 1508 4240 ambulare,
1523 4189 1575 4229 nec
1592 4171 1701 4244 aliquod
1719 4185 1788 4243 opus

140 4268 228 4323 petum
240 4268 378 4326 coerceat;
391 4260 430 4315 sic
442 4258 542 4316 iaciunt
555 4274 685 4331 equorum
698 4261 855 4317 domitores.
870 4259 933 4318 ideo
987 4284 1116 4327 exercere
1128 4270 1266 4333 cidamum
1282 4268 1329 4323 sed
1344 4281 1438 4322 metesa
1452 4263 1572 4331 lruatur,
1585 4264 1673 4331 lecto,
1689 4278 1789 4335 perpe·

142 4349 192 4401 '⁵¹³
202 4349 461 4407 ¹²b⁰li⁰⁸ii¹l⁸¹i²l¹¹³
472 4358 524 4413 eit·
533 4353 595 4422 quia
604 4352 689 4408 θῑῑῑῐῐῦ
699 4368 749 4409 ¹¹⁰⁸
759 4368 933 4425 corrumpere
988 4365 1094 4435 tuisque
1113 4361 1216 4421 deliciis
1232 4382 1239 4418 ε
1255 4360 1319 4433 quid
1338 4358 1390 4415 itae
1407 4359 1460 4414 uita
1482 4356 1663 4415 miserabilius
1684 4338 1789 4412 leterici

142 4442 217 4497 ⁵⁰¹et·
236 4442 334 4500 uarum
348 4444 447 4515 acinus
462 4452 553 4501 nostra
575 4443 706 4501 desidiam
728 4460 781 4502 non
799 4446 869 4515 tert.
886 4448 933 4503 sect
988 4458 1025 4513 m
1038 4455 1111 4513 attur
1123 4455 1306 4526 sinopses,
1321 4453 1443 4524 unques,
1458 4451 1532 4507 attur
1544 4450 1672 4507 remeare
1686 4468 1694 4505 t
1708 4456 1788 4519 pors-

143 4534 217 4593 lw'le
229 4537 262 4593 ad
278 4539 342 4595 Vilia
359 4537 489 4596 defleblil.
510 4538 644 4593 ponamus
658 4538 730 4593 enlm
753 4540 932 4609 imperanti,
989 4558 1086 4621 miquo
1102 4550 1179 4604 initio
1193 4548 1275 4604 homo
1286 4547 1392 4618 opem}
1405 4548 1465 4603 gine
1476 4546 1578 4602 labore,
1596 4546 1694 4601 Annon
1709 4552 1787 4615 νοω.

143 4640 170 4683 ut
182 4634 308 4689 necalias
320 4633 594 4696 virtutesexercenti,
609 4631 711 4688 nullum
724 4633 933 4697 essetabnrem;
988 4642 1048 4698 nrt
1070 4640 1126 4695 lmo
1140 4647 1261 4711 poteram
1282 4647 1309 4695 et
1330 4639 1367 4695 lu
1384 4638 1456 4695 lique
1474 4636 1601 4703 uolebat,
1617 4635 1665 4692 sed
1684 4642 1715 4691 tn
1733 4648 1788 4692 non

143 4722 187 4777 sed
207 4724 401 4783 dormientibus
422 4724 512 4782 omnin
528 4726 629 4796 optime
648 4724 768 4781 cedere:
788 4739 842 4797 quo
856 4736 934 4796 paeto

143 4814 190 4873 bac
211 4828 316 4875 ummur
335 4818 521 4891 indulgentia?
541 4833 630 4876 nerine
650 4818 683 4875 ud
705 4820 883 4891 arrogantiam
907 4830 935 4875 ec

142 4911 312 4981 superbiant
330 4924 332 4927 ·

177 5004 261 5071 Qatare
274 5005 412 5076 nequitiam
425 5005 552 5075 uoluptas,
565 5003 682 5057 uirtutem
697 5000 768 5057 labor
782 5003 934 5068 condictum

140 5097 213 5154 labor
225 5108 260 5156 est
272 5098 420 5153 attributum
432 5097 529 5152 uirtutis
542 5096 740 5151 constitutivum.
758 5092 870 5149 Desidioe
880 5110 935 5148 nro·

139 5191 203 5247 lum.
219 5192 348 5264 Nequitias
362 5190 479 5263 uoluptas
493 5190 588 5253 luserim·
602 5187 702 5242 uirtutis
715 5184 859 5241 immortale
872 5200 936 5257 pau·

169 5311 179 5342 ¹
198 5314 253 5359 rost
263 5306 316 5356 baec
327 5301 465 5364 rerbamisi
476 5299 662 5372 proemisimus
669 5299 760 5372 scisset,
767 5299 793 5348 in
803 5296 949 5373 suentem,

136 5370 280 5443 pretatione
290 5367 373 5430 adiicit
382 5364 423 5437 Fr.
436 5364 552 5437 tretium
564 5377 570 5413 :
580 5372 711 5435 ,ortomom‘
722 5362 864 5435 mmedrbrle
882 5370 935 5439 erut

137 5424 835 5564 {dimmitilibblbbtttilbiltll'l·
851 5426 935 5477 Μ

168 5559 183 5590 ¹
201 5554 282 5607 ttorel.
295 5556 378 5613 babet,
390 5554 581 5611 msericordem,
593 5564 646 5615 pro,
658 5558 774 5601 nortrmu.
893 5612 898 5624 Ι

170 5621 184 5653 ²
202 5618 283 5669 ttorel.
301 5618 366 5667 bunc
373 5616 456 5691 lomim
466 5617 502 5665 sic
513 5610 935 5727 edertfflnutret'ztglmllgubffim

136 5678 603 5815 grurlnfarrffnmnff‘euffflbnmusaffimn
613 5737 688 5803 ipisus
700 5715 774 5789 cebro
783 5744 819 5787 est
831 5734 843 5786 t
905 5800 911 5811 ,

137 5805 603 5922 ἐῶἳῇίὴυιοὲεῶὢῇὲιὲκώ
621 5814 652 5852 ue
662 5800 726 5869 quod
743 5798 849 5855 restabat
863 5800 934 5865 [erat

987 4747 1085 4805 passus
1097 4746 1138 4789 es.
1151 4730 1251 4788 Statuit
1263 4732 1335 4787 enim
1349 4741 1376 4788 te
1388 4740 1416 4786 ut
1427 4730 1580 4802 paradisum
1592 4729 1707 4795 ooleres,
1718 4740 1788 4796 opus

988 4827 1036 4882 tibi
1051 4825 1176 4897 injunxit,
1187 4823 1236 4881 sed
1248 4823 1368 4879 laborem
1379 4838 1432 4879 non
1446 4822 1598 4879 admiscuit.
1610 4820 1704 4891 Neque
1712 4819 1786 4875 enim

989 4920 1011 4975 si
1028 4920 1106 4974 initio
1122 4916 1270 4972 laborasset
1290 4916 1372 4970 bomo
1383 4956 1391 4976 .
1404 4914 1458 4971 boe
1475 4914 1513 4971 illi
1529 4916 1556 4970 in
1570 4927 1679 4985 poenam
1692 4920 1787 4983 postea

989 5013 1137 5069 statuisset.
1159 5011 1252 5067 Potest
1270 5010 1342 5065 enim
1357 5010 1418 5081 quis
1431 5009 1510 5063 simul
1523 5017 1553 5064 et
1568 5004 1676 5077 operari
1690 5012 1718 5060 ct
1731 5018 1788 5059 nou

989 5106 1124 5171 laborare,
1139 5101 1366 5175 quemadmodum
1380 5102 1478 5172 augeli.
1490 5100 1569 5169 Quod
1581 5099 1654 5155 eninr
1668 5112 1786 5169 operen-

990 5198 1101 5255 turaudi
1112 5214 1118 5250 :
1131 5196 1250 5251 Potmler
1258 5195 1358 5261 uirtute,
1370 5196 1490 5267 sociemm
1501 5191 1604 5247 uerbum
1615 5190 1686 5245 illias
1695 5186 1785 5258 (rut

990 5293 1053 5350 tos:
1066 5291 1102 5349 2⁰
1112 5290 1134 5364 ).
1147 5289 1224 5347 Nunc
1235 5298 1311 5346 certe
1324 5288 1444 5343 minores
1458 5286 1529 5341 uires
1543 5296 1654 5355 grauem
1666 5280 1789 5339 eliciunt

989 5388 1127 5453 laborem,
1143 5394 1206 5442 tune
1224 5398 1290 5440 uero
1302 5396 1383 5439 secus
1400 5395 1446 5437 res
1464 5394 1495 5435 se
1514 5375 1640 5433 babebat.
1659 5374 1727 5433 Nam
1741 5374 1787 5447 qui

989 5481 1128 5552 ingressus
1141 5487 1184 5535 est
1198 5478 1226 5533 iu
1238 5475 1362 5547 requiem
1377 5486 1465 5539 suam,
1479 5468 1621 5540 limatioris,
1635 5466 1738 5540 iuquit,
1753 5468 1786 5521 ab

989 5574 1106 5648 operibns
1119 5573 1172 5630 suis
1185 5570 1197 5646 (
1208 5569 1288 5634 liebr.
1302 5570 1331 5624 l.
1344 5564 1394 5640 l),
1409 5565 1478 5623 sieut
1489 5571 1518 5622 et
1530 5578 1546 5617 a
1559 5563 1615 5620 suis
1627 5561 1710 5618 bens.
1725 5558 1786 5615 Non

988 5667 1119 5725 desidiam
1133 5664 1177 5719 bie
1189 5662 1333 5735 signifieat,
1346 5657 1395 5715 sed
1407 5658 1527 5715 laborem
1541 5670 1595 5713 uon
1609 5654 1703 5711 luisse.
1717 5649 1786 5708 Nasu

988 5760 1061 5815 Deus
1073 5758 1154 5814 etiam
1173 5769 1245 5811 nuuc
1257 5759 1401 5824 operatur,
1422 5759 1451 5807 ut
1467 5748 1593 5807 (ibrisurs
1604 5745 1669 5803 dicit
1682 5763 1691 5800 :
1704 5741 1787 5799 Pater

964 5908 968 5917 ,
989 5837 1710 5921 meumquemodooperotar.etmooperor(lootr.5.
1723 5825 1791 5907 tt).''
1866 5835 1872 5845 '
