4084 6350
778 750 821 814 trt
842 747 1087 826 SEQUENTEM
1108 745 1343 811 SERMONEM.

272 898 349 956 Harvrc
363 915 516 957 sermormm
530 914 583 955 non
598 913 660 956 esse
677 897 863 972 chrysostomi
876 911 971 952 omnes
984 896 1027 951 ιιι-
1081 910 1160 964 quam
1171 909 1186 948 a
1198 893 1383 967 Clr‘rysostnmi
1398 894 1503 951 dicendi
1515 909 1626 967 genere.
1635 894 1800 955 Severianus
1813 896 1887 955 enlm

233 969 366 1039 judicavit,
380 973 430 1026 etsi
442 971 530 1041 sagaci
543 972 601 1026 viro
615 971 714 1026 nonsit
727 970 861 1041 indignos.
872 968 950 1035 Quod
964 983 1030 1022 vero
1082 975 1155 1021 totus
1169 967 1303 1036 strigosus
1327 975 1383 1027 est,
1409 964 1570 1037 perplexus,
1592 967 1684 1037 liguris
1709 969 1862 1025 redundans
1878 987 1886 1023 a

235 1033 305 1096 d'iait
318 1042 489 1112 neotooots,
504 1042 551 1097 saal
561 1057 595 1098 cx
607 1041 761 1111 cotrjectura
775 1053 888 1109 tantum,
903 1037 1027 1094 Severia-

237 1111 265 1165 ni
278 1127 349 1178 csse,
366 1114 392 1167 id
405 1124 480 1169 certe
493 1128 554 1167 cum
569 1125 642 1169 recta
656 1113 760 1168 mvtirvne
772 1126 890 1183 pugnare
903 1109 1027 1173 videtum

235 1197 322 1253 neque
344 1199 418 1241 enim
439 1184 559 1240 minusa
573 1183 712 1240 Severiani
725 1184 796 1257 stylo
808 1182 899 1239 differt
920 1182 1026 1247 oratio,

1084 1052 1138 1091 uno
1153 1035 1256 1101 verbo,
1271 1035 1341 1109 stylo
1368 1037 1455 1091 ferreo
1483 1047 1578 1103 attens,
1594 1048 1622 1094 ut
1645 1038 1682 1093 alt
1695 1038 1829 1107 Savilius;
1844 1040 1889 1097 tric

1083 1123 1149 1162 vern
1163 1108 1277 1177 scriptor
1289 1107 1401 1177 simplex
1416 1118 1469 1175 est,
1485 1124 1516 1163 nc
1529 1108 1587 1165 siue
1600 1108 1712 1166 salebris
1725 1110 1791 1167 uuit.

1119 1178 1305 1249 interpretatio
1318 1178 1411 1234 Latina
1425 1191 1468 1235 est
1478 1179 1622 1236 Frontonis
1635 1180 1736 1237 uocat.

233 1404 268 1452 tn
279 1406 379 1457 ιιιιιιι
391 1409 510 1471 monto
523 1411 705 1457 annanias
716 1411 759 1457 aa
773 1409 1009 1457 nnssuosraant
1022 1407 1171 1453 vesanam
1181 1406 1325 1451 sacraris
1339 1406 1447 1453 conam
1460 1406 1637 1455 noutnrsus
1653 1370 1885 1475 (Merendae).

947 1532 1184 1583 ——o--

271 1662 298 1718 l.
309 1661 451 1733 Sapientes
461 1678 493 1719 ac
505 1663 582 1732 periti
593 1662 763 1735 agriculturis
773 1661 901 1734 artifices,
914 1660 958 1715 uni
969 1675 1031 1713 cum

231 1734 305 1791 omni
319 1750 383 1790 cura
400 1745 427 1791 et
439 1735 619 1791 sollicitudine
638 1746 717 1789 terrm
727 1735 826 1805 stirpes
843 1732 1033 1795 plantaverint,

232 1805 308 1875 prins
324 1808 394 1874 ipsas
403 1808 505 1875 plantas
521 1809 546 1862 in
563 1804 730 1863 altitudinem
748 1808 865 1873 erigunt,
884 1802 1034 1857 deindesu·

232 1874 351 2002 leandrius
366 1887 393 1931 ct
410 1879 576 1947 importrmos
598 1879 718 1932 stolones
734 1874 879 1931 amilioiose
896 1885 1030 1929 resecant.

245 1944 1034 2017 dernetlegislatorlioseslecit:primunrcnirrruninsiutpe·

231 2018 302 2072 rinna
311 2018 338 2073 in
349 2018 486 2073 ltotninuvn
497 2031 587 2075 mente
597 2018 734 2087 plantavit,
743 2017 879 2072 acdeinde
888 2016 1032 2070 rstrrltorurn

232 2088 377 2158 imperium
387 2105 421 2144 ev
431 2088 574 2144 horninurn
588 2097 678 2144 mente
687 2088 844 2159 amputavit.
855 2088 913 2156 Quo
922 2087 1032 2141 tandein

232 2168 312 2230 pacto
321 2161 400 2215 rvnivrs
409 2161 550 2231 imperium
560 2162 697 2232 plantarit,
706 2158 767 2215 nudi
779 2160 866 2224 insuti]
875 2152 1007 2212 dicentem
1024 2176 1030 2214 :

232 2228 372 2287 Dominam
392 2230 472 2285 Druna
492 2242 564 2285 tuum
578 2230 714 2295 adorabis,
730 2238 754 2284 et
766 2228 806 2284 tlt·
821 2230 869 2284 soli
882 2228 973 2284 tercies
983 2244 993 2280 :
1005 2237 1034 2283 et

233 2317 347 2366 rursum,
367 2300 437 2356 Audi
450 2300 558 2359 Israel:
577 2300 702 2357 Domiatti
724 2300 794 2354 Deos
813 2312 888 2362 tetus,
905 2298 1032 2353 Dominus

233 2388 300 2427 aaut
317 2371 459 2444 octono.
474 2377 501 2428 6.
516 2374 558 2429 ta.
577 2384 600 2429 et
620 2373 663 2429 to.
675 2372 721 2426 ιθ.
744 2382 767 2425 et
781 2373 808 2427 ιι.
822 2372 867 2441 ι).
886 2370 1029 2438 Quornodo

231 2454 322 2498 autern
338 2444 489 2511 superfluos
499 2455 526 2504 et
537 2448 705 2513 importunos
716 2442 839 2500 surculos
849 2442 952 2511 imperii
961 2441 1033 2495 ιιιιιι·

233 2523 320 2568 torum
332 2514 604 2585 antputavit,c.lisce:
618 2513 678 2569 Non
693 2514 780 2585 socier,
790 2512 884 2583 lrrtpvit,
895 2512 956 2565 deos
969 2526 1031 2566 coa-

233 2584 343 2655 stotiks,
365 2602 445 2652 neque
464 2585 583 2640 odornbir
604 2584 664 2639 deos
680 2586 777 2657 olieaop
789 2599 799 2637 :
812 2600 858 2653 ego
878 2585 963 2645 caim,
984 2598 1031 2652 ego

232 2655 359 2712 Douriottr
373 2655 443 2711 beor
455 2666 513 2711 latas
522 2655 622 2726 (and.
634 2656 679 2711 bt.
696 2656 742 2711 tl.
763 2652 845 2709 berit.
858 2654 903 2711 ttl.
914 2652 954 2724 l).
972 2652 1030 2708 Hoc

232 2728 387 2782 vcrnctiam
398 2726 580 2785 hodiernodie
594 2727 664 2783 ileos
680 2726 749 2782 idern
762 2734 790 2781 et
802 2726 926 2781 Salvator
938 2734 1032 2780 sinister

232 2812 247 2852 a
267 2798 296 2853 it.
311 2797 378 2853 Nam
387 2808 525 2869 postquam
537 2798 656 2867 tvvrperin
670 2796 766 2853 animis
778 2798 876 2851 nostris
892 2794 1030 2865 pulclrranr

236 2884 417 2941 eeenrosynre
432 2868 529 2925 olivam
545 2869 695 2939 plantavit,
708 2867 821 2938 ejusque
834 2870 966 2929 troctom,
979 2867 1032 2922 boc

232 2950 291 3007 est,
307 2941 495 2995 misericordes
509 2941 663 3001 coronavit,
677 2948 705 2995 et
718 2939 811 2995 beatos
824 2939 978 3007 praeditavit
988 2937 1031 2991 di-

235 3026 316 3077 cens,
331 3009 405 3065 Booti
428 3012 619 3073 ntbmcordct,
631 3012 750 3082 gooniouv
765 3010 814 3079 ipsi
827 3009 1029 3065 misericordium
1060 3024 1064 3033 ·

233 3091 437 3153 consequentur:
452 3084 548 3137 nterito
562 3082 688 3138 nimirum
702 3081 782 3136 laodic
798 3080 960 3150 pullulantes
973 3096 1031 3135 nro·

233 3152 314 3210 lestas
339 3153 520 3226 elcemosynae
539 3152 738 3223 superfluitates
758 3160 878 3222 amputat
891 3166 923 3207 ac
936 3166 1032 3221 repur-

233 3236 287 3294 gat.
304 3225 447 3282 Enimvero
460 3242 546 3293 nuper
558 3240 652 3281 omnes
666 3224 745 3279 simul
757 3238 819 3279 cum
831 3224 865 3279 ad
880 3225 1031 3295 cleeruosy-

234 3311 295 3351 tram
306 3299 446 3363 excitaret,
462 3311 605 3366 pauperem
616 3296 724 3366 quidenr
738 3296 908 3366 pauperculae
922 3294 1029 3362 vidum,

235 3382 295 3438 qvam
307 3369 332 3421 in
353 3367 503 3437 Sarepbtha
519 3367 639 3423 Sidoniae
655 3366 807 3430 habitabat,
823 3367 950 3436 exemplo
963 3366 1030 3421 edu-

235 3439 291 3494 cnit
301 3479 308 3504 ,
320 3454 354 3494 ne
364 3438 551 3494 inhumanitati
567 3446 750 3508 paupertatem
764 3446 893 3507 praetexat
906 3455 913 3491 a
926 3437 1031 3493 mendi·

234 3525 296 3564 cum
311 3520 402 3566 autem
418 3509 505 3564 vidum
525 3509 596 3564 illius
618 3506 749 3564 mendicae
770 3508 915 3578 caevuplo,
930 3523 990 3579 quac
1003 3509 1031 3564 iu

237 3579 383 3651 Evarrgelio
395 3580 496 3634 minuta
509 3580 563 3635 duo
577 3581 604 3635 ιιι
616 3577 835 3651 gazophylacium
850 3578 957 3634 misisse
970 3595 1031 3634 nve-

236 3661 379 3718 moratur,
395 3653 533 3716 incitavit,
558 3662 587 3706 ot
600 3649 737 3708 mendicas
761 3650 941 3721 eleemosynae
963 3665 1031 3719 optes

236 3732 362 3793 prompto
375 3724 466 3776 animo
484 3721 629 3777 conlerat:
652 3731 828 3776 mercatorem
844 3735 925 3790 porro
937 3721 1029 3777 consi·

236 3791 337 3848 deratis
360 3795 442 3847 rnoris
464 3791 589 3863 procellis
614 3791 789 3859 relrmoavit,
812 3801 842 3846 ιιι
868 3791 1031 3861 pavnperibus

237 3865 327 3934 potius
348 3880 430 3934 quarn
453 3865 519 3918 mari
546 3879 593 3918 sna
614 3865 820 3919 communicet:
843 3871 872 3916 at
885 3876 966 3928 eum,
983 3865 1029 3933 qtti

238 3935 447 4006 negotiationem
462 3936 582 3990 terrestri
597 3936 693 3990 itinere
706 3942 829 4000 exercet,
844 3934 983 3997 coercuit,
999 3944 1030 3989 ut

239 4009 330 4062 aniano
348 4008 537 4062 necessitatem
553 4015 710 4076 praevertat,
723 4015 751 4061 et
764 4015 828 4060 ante
842 4005 1029 4060 necessitatem

238 4077 333 4133 latroni
347 4077 429 4133 lleum
443 4087 597 4145 anteponat.
614 4077 758 4147 Postquam
767 4075 847 4146 igitur
859 4075 985 4131 ominibus
996 4077 1030 4132 ad

236 4149 434 4221 elcenvosynatu
449 4149 604 4216 instructis,
620 4161 835 4218 ununnpuenopve
845 4162 879 4202 ex
896 4163 946 4210 eo,
958 4148 1031 4216 qrrod

240 4220 333 4277 laudes
356 4232 519 4290 excepturus
544 4220 595 4283 sit,
619 4228 772 4289 promptum
795 4233 872 4283 esse,
894 4229 1031 4288 tanvqoam

237 4293 368 4349 virentem
383 4292 525 4362 qrrarndam
539 4291 654 4360 manum
669 4289 1029 4360 adeleemosynarninclina-

238 4373 304 4432 tam,
314 4363 396 4418 vidit:
410 4359 465 4434 Ego
474 4371 558 4415 cartem
566 4363 632 4416 sicot
642 4362 708 4416 oliuo
715 4361 848 4433 {roctisrro
860 4360 970 4415 indolem
981 4360 1031 4417 Dei

239 4433 328 4502 (Ptol.
340 4435 385 4489 5¹.
398 4433 432 4489 lll
442 4441 471 4503 l:
487 4441 629 4502 propterea
644 4434 724 4488 sivnvtl
734 4432 898 4504 pullulantes
909 4433 1030 4487 eleemo-

238 4513 313 4578 syna
326 4504 514 4560 sirivalationes
534 4504 675 4559 exscindit.
692 4504 761 4572 Quid
774 4502 887 4559 dicensi
901 4502 1032 4560 Attendite

239 4593 270 4630 ac
284 4576 468 4647 eleemosynam
486 4585 594 4629 cestrota
614 4577 716 4647 [amotis
728 4591 814 4629 corona
826 4573 985 4644 lvotttinilrus,
1001 4586 1031 4631 ot

238 4647 373 4703 aideoatt'ni
392 4646 424 4701 ot
435 4646 492 4700 eia:
507 4660 559 4700 ntra
582 4646 657 4716 gavasi
674 4661 723 4701 uns
745 4647 887 4701 lectionem
911 4647 979 4700 lranc
993 4647 1030 4703 ‹le

238 4719 369 4774 industria
384 4717 526 4772 commode
539 4731 610 4772 ntrvvc
623 4731 824 4787 pmpunamus:
838 4717 886 4770 sed
901 4717 976 4786 quasi
991 4733 1029 4772 cx

173 4841 177 4848 .
238 4793 295 4861 ipsa
308 4790 379 4845 serie
389 4803 483 4843 corum
493 4789 617 4857 quacient
628 4788 697 4842 lecta
710 4798 772 4842 svtnt
785 4789 835 4843 ista
847 4789 1032 4842 transmittan-

238 4871 289 4917 tur.
306 4861 434 4915 Attendite
445 4875 477 4913 ιιι
490 4859 675 4940 eleemoagnont
691 4867 800 4913 vestrone
818 4860 920 4931 socioria
939 4874 1027 4913 corono

239 4931 400 4997 dontinilur,
420 4939 448 4984 vt
470 4931 606 4983 rideamini
628 4928 660 4982 oi
680 4929 735 4996 ειη
756 4930 796 4985 siu
818 4943 913 4991 secus,
928 4930 1028 4984 nullam

238 5014 311 5059 certe
337 5001 489 5058 mercedem
521 5000 677 5057 lralrebitis:
703 5001 761 5057 lucc
785 5001 857 5055 errirn
884 5003 1029 5055 ostentatio

239 5073 392 5130 mercedem
405 5074 474 5128 tollit
496 5071 602 5126 illorunr
618 5090 626 5126 ι
646 5072 706 5126 talis
727 5072 833 5142 largitio
845 5073 960 5126 luturavu
976 5071 1029 5127 illis

239 5141 1028 5214 cripitielicitatem.Etenimnollusestenirn-madeovvoaius

238 5215 359 5280 allectus,
369 5224 450 5284 atoue
459 5215 519 5270 baec
528 5212 615 5268 inanis
624 5215 865 5283 gloriaeeupiditas.
877 5211 943 5268 Ciam
953 5215 1027 5268 enim

238 5301 271 5343 ea
284 5285 317 5342 ils
331 5301 390 5357 noro
404 5287 529 5342 mandata
542 5295 622 5351 sunit,
637 5288 719 5340 rnulta
739 5286 867 5354 preclare
881 5285 1027 5352 perlvceri-

238 5371 315 5419 ntus,
330 5368 394 5412 trvnc
404 5358 489 5428 ipsius
501 5357 588 5412 inanis
600 5357 691 5427 gloriae
705 5355 859 5425 cupiditatis
872 5357 1028 5410 adtrascitur

238 5429 378 5496 aegritudo.
395 5428 493 5484 terum
508 5427 609 5483 illama
629 5427 708 5482 nobis
722 5426 849 5482 radicitus
866 5427 1027 5497 exstirpavit

238 5500 372 5566 Salvator,
386 5499 450 5554 dum
463 5513 513 5555 trus
525 5498 627 5565 docuit,
640 5509 668 5552 ut
681 5499 750 5553 clatn
762 5497 947 5568 eleemosynas
957 5512 1025 5551 con·

238 5571 366 5626 leramus.
377 5567 431 5626 Sed
442 5573 534 5641 vrtivpue
542 5569 634 5626 dices:
647 5568 716 5635 Quid
726 5567 809 5639 ergo?
819 5582 872 5623 nou
884 5583 1027 5639 possrrttvus

237 5642 265 5699 id
277 5644 384 5698 lacere:
399 5655 452 5695 nors
465 5642 537 5698 enim
548 5643 605 5696 lieri
614 5648 717 5711 potest,
732 5640 795 5710 orsio
809 5640 846 5698 is.
861 5641 906 5709 ptri
923 5654 1024 5709 paope-

236 5715 312 5770 ribus
330 5712 467 5784 quidpiam
485 5713 545 5775 dat,
559 5711 601 5768 rel
621 5711 806 5767 sacerdotibus
827 5711 922 5778 otlert,
936 5720 983 5766 aut
996 5711 1025 5767 ιιι

135 5827 141 5838 ,
199 5784 203 5793 ’
237 5782 459 5860 gazophylacium
477 5784 572 5851 mittit,
590 5781 722 5844 videatur.
745 5781 813 5842 Tum
832 5791 862 5839 tu
874 5781 956 5856 igitur
974 5798 1024 5841 nos

1091 1658 1117 1711 in
1143 1666 1279 1728 posterum
1295 1660 1328 1715 ad
1350 1660 1555 1731 impertiendam
1577 1664 1776 1738 eleemosynam
1798 1667 1885 1737 negli-

1089 1732 1226 1798 gentiores
1242 1731 1392 1787 reddidisti.
1410 1732 1485 1789 Nvtue
1508 1734 1597 1805 itaque
1614 1746 1756 1801 praestavite
1772 1737 1885 1795 donnino

1091 1800 1198 1873 ltervque
1211 1812 1303 1858 nostro
1317 1817 1348 1858 ac
1362 1802 1500 1861 salvatore
1515 1805 1579 1861 Jesn
1592 1804 1718 1873 Cleristo,
1734 1808 1769 1865 de
1781 1808 1884 1865 amico·

1090 1887 1147 1925 rum
1159 1888 1191 1927 ae
1205 1872 1315 1929 iratrum
1327 1888 1448 1930 nieorum
1461 1876 1601 1932 animabus
1616 1876 1685 1934 bene
1697 1882 1795 1936 mereri
1806 1882 1884 1947 volo,

1088 1958 1187 2013 casque
1209 1944 1281 1999 omrai
1307 1945 1465 2015 agritutline
1486 1946 1619 2011 liberare,
1635 1956 1663 2005 ct
1677 1950 1792 2005 aetionis
1807 1951 1886 2007 istius

1075 2014 1197 2068 ‘nrotlom
1208 2016 1352 2085 corrigere.
1364 2016 1532 2073 Voluntatem
1543 2019 1616 2074 enim
1625 2022 1761 2077 examinat
1772 2031 1801 2076 et
1818 2036 1886 2077 con·

1088 2084 1175 2139 silium
1199 2085 1275 2151 cius,
1293 2086 1337 2154 uui
1359 2088 1558 2161 eleemosynam
1582 2091 1712 2159 impertit.
1738 2092 1885 2163 Propterea

1087 2167 1160 2211 recte
1178 2156 1277 2225 adjecit
1298 2160 1409 2214 dicans:
1425 2158 1487 2213 Corn
1508 2176 1567 2231 erpo
1589 2160 1655 2229 [ocis
1676 2162 1882 2235 eknrtosgnoov,

1087 2228 1140 2281 noli
1153 2229 1213 2282 tudo
1225 2244 1315 2283 contere
1324 2238 1383 2285 otrle
1397 2239 1430 2297 te,
1441 2234 1505 2285 sieut
1515 2230 1654 2302 ltgpocritoe
1664 2234 1762 2304 sariunt
1770 2232 1883 2359 διιαιιιι.

1086 2298 1113 2353 6.
1129 2295 1182 2368 Sl:
1200 2314 1252 2354 non
1267 2299 1337 2369 ntrod
1353 2303 1429 2357 tulms
1442 2301 1571 2357 lvalrerent
1584 2302 1639 2367 illl,
1655 2303 1702 2359 sed
1715 2318 1769 2375 qino
1804 2306 1877 2361 larva

1086 2379 1158 2425 esset
1178 2386 1210 2425 ac
1233 2372 1337 2441 species
1356 2372 1552 2444 eleemosynam
1567 2374 1673 2429 avrinvus
1689 2384 1778 2431 atatem
1795 2375 1880 2433 bomi-

1087 2441 1165 2495 nibus
1188 2441 1330 2507 militaret,
1345 2453 1369 2496 et
1384 2442 1418 2497 ab
1430 2457 1523 2498 eorum
1538 2454 1648 2513 aspectu
1663 2444 1700 2500 illi
1715 2446 1877 2517 ponderent.

1085 2508 1143 2565 Non
1158 2513 1229 2566 eninr
1245 2523 1355 2583 propter
1370 2514 1456 2569 Deum
1471 2513 1671 2587 eleemosynam
1685 2514 1882 2586 critderebaut,

1085 2594 1227 2650 sperantes
1242 2584 1276 2639 ab
1287 2598 1320 2637 eo
1331 2597 1361 2639 sc
1374 2584 1587 2641 misericordiam
1608 2598 1837 2657 consequnturos,
1853 2599 1881 2644 et

1086 2654 1245 2722 promissam
1260 2654 1412 2709 mercedem
1424 2656 1577 2724 centuplam
1590 2667 1767 2723 acccrtturos;
1780 2658 1838 2725 sod,
1851 2667 1881 2716 ut
1954 2717 1957 2724 ,

1086 2733 1302 2780 momentaneam
1330 2726 1481 2797 reciperent
1504 2726 1539 2781 ab
1562 2727 1716 2784 lrorrtluibus
1741 2728 1878 2801 gloriam,

1086 2793 1275 2865 largiebantur.
1289 2794 1346 2851 Nou
1361 2798 1441 2867 igitur
1450 2797 1610 2854 differebant
1619 2800 1654 2853 ab
1665 2799 1728 2863 illis,
1740 2802 1784 2873 qui
1796 2816 1881 2872 popa-

1086 2864 1215 2923 lariterin
1239 2867 1350 2923 tlaeatris
1373 2883 1435 2923 suas
1456 2868 1595 2925 facultates
1618 2870 1795 2941 proluendum,
1810 2882 1839 2927 et
1851 2880 1881 2928 ut

1085 2934 1193 2993 irrsoem
1217 2938 1330 3009 gloriata
1351 2949 1533 3009 aucrvpentur,
1548 2954 1614 3008 opcs
1633 2956 1696 2997 siras
1710 2941 1879 3012 dilapidant,

1085 3021 1138 3062 nnn
1147 3006 1181 3064 ad
1192 3008 1307 3079 aliquem
1317 3010 1408 3065 utilem
1418 3011 1649 3079 avritnaeiroctum,
1661 3012 1708 3068 sed
1720 3014 1753 3069 ad
1767 3012 1873 3070 fartilem

1085 3076 1224 3135 bominum
1252 3080 1368 3135 laudern:
1391 3080 1562 3136 Convertitur
1585 3082 1658 3139 coint
1671 3098 1744 3153 smpe
1759 3084 1817 3141 laus
1832 3086 1878 3142 illa

1085 3149 1111 3205 in
1127 3150 1337 3219 contumeliam,
1354 3160 1381 3208 et
1395 3167 1455 3208 com
1478 3153 1577 3210 multos
1601 3166 1726 3226 sumptus
1745 3154 1878 3224 iecerint,

1084 3223 1178 3278 multis
1198 3224 1349 3293 opprobriis
1369 3233 1525 3280 orrerantur.
1542 3223 1609 3281 Vide
1622 3241 1702 3296 quam
1718 3227 1815 3283 rtrultas
1829 3243 1878 3300 pe.

1084 3295 1178 3348 cranius
1193 3294 1219 3348 in
1239 3295 1403 3350 circensibus
1419 3295 1488 3350 lvtdvs
1503 3297 1675 3366 expendant;
1692 3308 1719 3352 et
1735 3311 1877 3370 postquam

1085 3363 1168 3419 multa
1182 3366 1375 3437 expenderint,
1391 3375 1446 3420 tum
1461 3383 1475 3420 a
1491 3367 1668 3424 illisionem
1685 3369 1878 3440 abjectissimis

1085 3433 1239 3490 bominibus
1251 3437 1370 3505 pluribus
1383 3439 1488 3505 probris
1497 3439 1659 3494 lacerantur.
1668 3439 1734 3496 Nam
1746 3456 1877 3513 eqtrorum

1085 3503 1266 3563 iufirrvtitatern
1287 3507 1440 3564 ltorrrinilrus
1454 3509 1519 3565 vitio
1533 3518 1659 3565 vertunt:
1675 3520 1703 3567 et
1716 3527 1802 3583 cottus
1815 3515 1877 3583 grti-

1084 3575 1146 3632 dem
1158 3577 1316 3646 collabitur,
1331 3579 1490 3635 arvrbitiosus
1501 3589 1591 3636 autem
1605 3581 1693 3637 editor
1705 3583 1879 3640 contumeliis

1084 3658 1216 3704 verritur:
1232 3658 1260 3705 et
1273 3653 1330 3719 ipse
1344 3651 1453 3719 quidenr
1474 3652 1586 3707 rationis
1599 3668 1696 3722 expers
1708 3667 1794 3724 erpttus
1806 3656 1879 3709 ccci·

1085 3716 1139 3786 dit,
1154 3719 1235 3776 bomo
1249 3736 1314 3776 vern
1326 3723 1431 3776 ratione
1456 3717 1583 3792 praesilius
1595 3725 1693 3780 excidit
1707 3735 1734 3779 et
1747 3725 1878 3794 esplosus

1084 3800 1145 3844 est:
1159 3807 1190 3846 ac
1202 3805 1388 3859 saepenumero
1401 3791 1467 3848 dixit
1481 3795 1659 3865 ingemiscens
1673 3814 1680 3848 :
1695 3795 1763 3861 Quin
1779 3797 1879 3852 trustra

1084 3876 1159 3916 meas
1171 3859 1312 3918 facultates
1326 3863 1429 3933 perdol
1444 3865 1506 3934 quid
1522 3875 1610 3920 tantos
1622 3865 1728 3922 labores
1741 3866 1854 3922 sustinui
1868 3909 1877 3929 ,

1085 3940 1177 4003 turaque
1198 3933 1313 3998 davuna,
1329 3948 1426 4004 meque
1447 3935 1572 3991 omnibus
1600 3935 1678 3992 banis
1700 3939 1801 4003 everti,
1818 3947 1876 3992 uta

1085 4003 1295 4074 despectissimis
1318 4002 1470 4060 bominibus
1484 4010 1517 4062 ad
1531 4017 1682 4063 extremum
1704 4007 1877 4064 catartuvneliis

1084 4075 1232 4130 orrarrarerl
1243 4074 1353 4146 Oquam
1367 4077 1464 4132 multos
1478 4092 1610 4149 paauperes
1621 4080 1679 4134 istac
1692 4079 1811 4148 prectvniae
1823 4079 1879 4134 lru·

1084 4155 1139 4199 stru
1163 4147 1304 4216 insumpsit
1318 4147 1404 4202 ditare
1427 4149 1591 4217 poltrisseotl
1608 4163 1688 4220 quarn
1707 4149 1807 4205 rutulius
1821 4150 1877 4204 cri·

1084 4231 1164 4284 gere,
1178 4219 1223 4288 qtri
1238 4217 1412 4274 exciderunt!
1427 4219 1514 4288 litque
1527 4218 1820 4290 effunduntorqoidem
1830 4235 1879 4275 ve-

1085 4287 1171 4344 tuter
1194 4289 1267 4344 lvrtrte
1291 4289 1406 4356 nuovlavn
1421 4289 1454 4343 ad
1469 4305 1564 4345 vanarn
1589 4290 1694 4346 laudent
1717 4291 1877 4356 caputvvdam

1085 4360 1227 4428 populares
1241 4361 1298 4416 istas
1311 4359 1484 4431 largitiones;
1500 4362 1670 4418 contumeliae
1684 4377 1748 4418 veru
1762 4363 1877 4418 stolido·

1084 4445 1144 4485 rtrm
1158 4431 1295 4487 lmminnur
1310 4441 1445 4502 tamquam
1458 4447 1491 4488 ex
1504 4432 1615 4489 ssurrrine
1627 4432 1744 4504 qvondam
1757 4435 1879 4489 oscitan-

1085 4511 1137 4555 tnr.
1150 4502 1204 4557 atti
1218 4517 1284 4560 vero
1297 4515 1360 4556 suas
1374 4503 1479 4557 animas
1492 4503 1568 4558 nihili
1586 4504 1703 4567 larinate
1720 4514 1747 4560 et
1758 4504 1803 4558 alii
1819 4519 1879 4558 vur-

1084 4584 1131 4626 sus
1141 4573 1176 4629 ob
1185 4589 1316 4658 equorum
1327 4575 1515 4629 contentiones
1525 4577 1648 4646 proprias
1658 4574 1731 4631 ardes
1741 4583 1876 4630 evertunt.

1117 4643 1145 4698 ι.
1162 4647 1195 4700 At
1210 4645 1269 4701 illos
1284 4645 1389 4715 qvvidetn
1411 4655 1533 4728 sumptus
1554 4644 1656 4712 lacere,
1669 4656 1697 4702 ct
1710 4645 1871 4717 probris-la·

1082 4715 1183 4780 cerari,
1199 4717 1326 4785 vanisque
1348 4715 1530 4786 largitionibus
1553 4731 1617 4786 opes
1629 4717 1789 4786 profundere
1801 4717 1878 4772 sitra-

1082 4801 1143 4842 mns
1160 4805 1166 4842 ι
1210 4803 1244 4841 ιιο
1257 4803 1323 4841 vcro
1336 4796 1414 4855 pacto
1436 4786 1555 4858 pecunia·¹
1569 4789 1612 4856 pie
1624 4789 1679 4842 sint
1692 4787 1877 4860 expendendae

1082 4804 1235 4924 discarnvss,
1251 4866 1278 4911 ct
1290 4872 1343 4927 qun
1356 4857 1435 4910 modo
1448 4857 1500 4911 vita
1515 4858 1640 4929 religiose
1656 4859 1817 4915 traducenda
1829 4861 1875 4922 sit,

1082 4942 1114 4981 ae
1128 4927 1243 4983 colestia
1263 4942 1311 4997 pro
1325 4929 1437 4982 terrenis
1450 4928 1639 4996 exspectanda.
1653 4927 1710 4985 Non
1725 4932 1796 4986 enim
1809 4945 1876 5000 pro-

1082 4998 1159 5053 bibet
1171 5014 1205 5053 ne
1215 4998 1263 5054 des
1278 4999 1474 5068 eleemosynam
1490 4999 1627 5066 cbristus,
1642 5002 1689 5054 sed
1703 5017 1754 5070 nun
1770 5005 1876 5056 rationo

1081 5069 1170 5124 lacere
1182 5071 1379 5140 eleemosynam
1390 5080 1523 5140 oporteat,
1534 5071 1612 5126 docet
1624 5089 1631 5126 :
1647 5069 1876 5126 nescientiam

1082 5151 1146 5206 tuo,
1161 5139 1222 5212 guid
1249 5143 1326 5211 [adiit
1351 5140 1454 5195 dextero
1475 5151 1529 5198 tuo.
1555 5142 1611 5196 linc
1626 5157 1694 5197 sero
1709 5143 1768 5198 loco
1782 5157 1877 5198 rvtvsns

1082 5210 1874 5282 narnrivatutssigrriilcat.sedlipperbolicedictumestillud,

1081 5283 1157 5353 qrtasi
1170 5282 1271 5338 diceret
1285 5300 1292 5337 :
1308 5281 1346 5336 Ne
1364 5283 1432 5337 sciat
1446 5297 1570 5352 perversa
1592 5283 1717 5355 cogitatio
1731 5294 1792 5350 tua,
1809 5283 1873 5354 quial

1082 5363 1154 5410 recta
1165 5368 1240 5410 meus
1252 5365 1295 5408 tna
1310 5353 1404 5418 iaciat,
1421 5369 1454 5409 oc
1468 5363 1494 5408 tc
1506 5362 1635 5409 avertata
1650 5356 1730 5410 lione.
1743 5355 1874 5411 lrrvtrmbit

1081 5425 1169 5491 crtlvn,
1185 5434 1214 5479 ut
1235 5424 1320 5494 innuit
1341 5425 1426 5487 Deus,
1441 5439 1517 5479 ntevrs
1533 5425 1670 5480 ltnnriuom
1684 5427 1825 5498 diligenter
1839 5427 1873 5481 ati

1081 5497 1161 5551 novula.
1174 5495 1328 5566 Propterea,
1344 5495 1438 5562 invoivit,
1452 5493 1577 5550 Studiose
1588 5496 1645 5560 tibi,
1659 5504 1688 5550 ut
1701 5505 1728 5550 tu
1740 5499 1796 5565 ips'e
1807 5511 1874 5566 urvo·

1079 5585 1131 5638 que
1157 5569 1279 5639 ignores,
1294 5568 1472 5637 expetendum
1492 5568 1652 5622 existimato.
1674 5567 1744 5634 Quid
1768 5567 1823 5622 ital
1838 5565 1872 5621 tn

1080 5641 1161 5694 l’ater
1184 5649 1262 5706 tirus,
1279 5639 1321 5708 nui
1346 5638 1464 5693 videtin
1489 5636 1646 5693 abscondito
1669 5637 1780 5693 lvilarem
1801 5649 1871 5692 tuam

1079 5719 1281 5781 promptamque
1296 5709 1473 5780 largitionem,
1490 5718 1516 5762 tc
1529 5709 1633 5780 diligat,
1648 5717 1676 5764 et
1688 5707 1714 5763 in
1731 5707 1873 5764 iuvenilesto

1078 5781 1173 5838 reddat
1185 5781 1241 5837 tibi.
1258 5779 1380 5851 ldagnum
1394 5788 1422 5836 et
1443 5780 1546 5836 illustre
1561 5781 1609 5850 irs,
1628 5781 1673 5851 qui
1685 5780 1872 5854 eleemosynas
