4084 6350
821 482 1351 693 aomortrnro
1459 538 1501 549 ”
1819 658 1821 665 ,

645 772 703 847 ΔΙ),
720 768 944 835 SERMONEM
964 771 1006 833 IN
1023 770 1308 836 vsbepattltttt
1329 768 1502 835 GRUCEM.

279 930 358 988 Pittat
375 928 492 987 Sanitius
504 926 577 983 bunc
589 938 743 981 sennonem
756 923 870 993 alicujus
882 921 1042 978 recentioris
1096 921 1196 979 cedens
1208 921 1323 977 oratoris
1337 890 1380 977 εει
1393 920 1438 990 utri
1453 918 1592 990 elegantiae
1613 916 1723 975 studere
1736 915 1854 983 videtur,
1871 929 1901 975 et

242 1018 305 1059 csse
325 1002 408 1059 letum
420 1042 429 1065 ,
442 999 487 1070 grai
505 1006 565 1067 post
576 996 724 1053 secundom
739 994 888 1051 Corrcilium
902 993 1040 1049 Nicaenum
1095 994 1275 1063 epitbetorum
1288 991 1412 1049 ubertate
1426 991 1508 1047 nimia
1523 990 1621 1047 seriem
1635 998 1719 1045 totam
1740 990 1845 1056 obruit;
1862 988 1899 1045 ita

241 1072 392 1144 scripserit.
403 1071 486 1140 idque
499 1083 609 1138 prorsus
621 1066 735 1123 suadent
747 1082 778 1121 ea
791 1082 851 1137 uuae
863 1067 888 1120 in
901 1064 1041 1120 concionis
1097 1075 1127 1120 ιιι
1146 1064 1326 1135 eloquentiam
1352 1078 1414 1119 sere
1438 1064 1551 1119 terream
1572 1060 1684 1118 dixeris.
1699 1061 1832 1118 caterua
1847 1074 1898 1124 ea,

243 1145 298 1201 titre
308 1144 343 1209 dc
354 1142 478 1199 restituto
489 1149 642 1195 sanctarum
657 1138 802 1210 imaginum
815 1135 889 1192 cultu
904 1136 1041 1206 legaridur.
1097 1152 1156 1207 qum
1169 1135 1203 1192 de
1222 1136 1384 1207 irugalimtu,
1398 1134 1486 1205 deque
1506 1132 1601 1205 jeiunit
1616 1132 1731 1189 utilitato
1743 1130 1826 1194 dicit,
1844 1147 1898 1187 nou

242 1218 279 1271 ttt
304 1215 363 1271 bac
385 1223 506 1269 extrerua
528 1226 590 1279 pars
612 1209 729 1265 bomilia
752 1223 814 1264 corn
830 1206 1044 1278 praecedentibus
1098 1210 1185 1278 inepta
1207 1218 1280 1262 suut.
1298 1206 1380 1277 liuius
1403 1215 1483 1261 atate
1504 1204 1643 1275 scriptoris
1662 1204 1781 1275 quitruue
1800 1201 1898 1275 ieiunii

241 1300 296 1350 tlon
310 1284 441 1352 mitteret,
458 1283 495 1337 iia
523 1291 553 1339 lli
575 1280 698 1337 videbitis
720 1281 754 1334 ad
778 1279 859 1333 aliam
884 1279 1043 1335 concionem
1098 1279 1240 1336 diescirca
1252 1277 1350 1335 festum
1363 1286 1464 1335 spprclae
1475 1274 1568 1335 Crucis
1583 1275 1770 1333 servabamur,

193 1374 198 1382 ·
241 1356 387 1430 pertinere,
402 1364 431 1410 ut
444 1353 544 1409 ibidem
555 1366 707 1409 moeremus.
722 1349 815 1408 Oratio
826 1364 891 1405 vero
906 1358 960 1405 tota
972 1362 1042 1418 pras·

243 1472 1895 1511 ..W-w*-

836 1580 869 1628 ιιι
884 1579 1105 1657 vsusssttosrr
1125 1559 1265 1623 cauden.

927 1746 1232 1791 ——QQQ

278 1871 304 1927 l.
325 1868 408 1925 Adest
424 1866 505 1925 bodie
518 1864 608 1925 erucis
620 1864 796 1932 solemnitas,
810 1865 910 1921 chorus
930 1861 1041 1931 angelo-
1081 1872 1218 1929 ¹servans.
1233 1857 1317 1923 Cave,
1334 1872 1368 1913 ne
1386 1856 1432 1912 tibi
1447 1855 1562 1911 crastina
1581 1854 1626 1911 die
1645 1856 1679 1911 ab
1700 1855 1831 1913 ebrietate
1849 1872 1896 1912 re·

241 1957 301 2000 runt
314 1941 430 1997 exsultet
442 1954 450 1994 :
462 1938 550 1996 crucis
563 1938 744 2009 spectaculum
756 1936 870 2001 accedit,
887 1933 1042 1990 mortalium
1096 1944 1186 1993 verso,
1200 1944 1230 1985 ea
1245 1944 1306 2001 qrrae
1321 1943 1392 1983 nnnc
1406 1928 1472 1981 lecta
1488 1935 1559 1993 sunt,
1572 1924 1696 1981 dicautur
1709 1945 1715 1977 τ
1726 1925 1787 1982 Νοιι
1797 1928 1846 1983 iios
1853 1930 1897 2001 je·

241 2014 357 2085 populos
372 2012 462 2067 arderet
478 2027 485 2064 r
501 2009 620 2066 dirimam
634 2012 723 2065 crucis
738 2009 879 2079 imperium
894 2006 1038 2071 exaltatur,
1090 2001 1197 2071 juratum
1216 2001 1289 2071 elegi,
1303 2001 1364 2055 dicit
1384 1998 1509 2053 liousiutu
1524 1996 1601 2069 (lsai.
1616 1998 1659 2053 58.
1677 1998 1715 2071 ιι).
1729 2000 1783 2053 Cur
1795 2000 1896 2055 misces

242 2084 342 2153 tugiam
362 2085 514 2137 dammum
533 2090 659 2136 catervae.
675 2079 750 2147 Sed,
766 2095 783 2132 o
797 2078 885 2134 divina
899 2092 976 2143 crux,
990 2091 1041 2130 an·
1080 2086 1139 2145 ⁸ea,
1153 2087 1214 2142 quan
1228 2088 1281 2126 nitu
1298 2069 1431 2125 ruiscenda
1445 2069 1526 2123 sunt?
1539 2068 1610 2139 guod
1621 2071 1786 2125 consortium
1798 2070 1895 2141 jejunii

242 2156 363 2225 geiorum
386 2151 519 2209 ineffabile
544 2151 746 2221 spectaculum,
761 2150 913 2205 mortalium
935 2146 1039 2219 gloria,
1096 2157 1156 2197 cum
1178 2142 1326 2205 ebrietate?
1345 2155 1405 2225 quar
1423 2141 1631 2195 communicatio
1651 2142 1812 2196 temulentias
1832 2158 1895 2199 cum

242 2234 378 2296 sceptrum
388 2226 490 2295 regium
500 2222 509 2277 l
519 2232 545 2277 te
557 2223 656 2292 quippe
671 2232 805 2292 uniquam
819 2222 964 2275 animatam
978 2217 1042 2271 alio·
1098 2213 1292 2285 temperantia?
1308 2213 1371 2280 Qnu
1383 2227 1520 2293 cousensus
1533 2211 1621 2283 templi
1637 2209 1684 2265 Dei
1694 2228 1750 2265 cum
1762 2212 1839 2267 idolis
1852 2213 1894 2286 (2.

242 2312 320 2367 quar,
339 2311 400 2366 qua
418 2294 544 2367 gaudium
558 2304 585 2348 et
597 2294 737 2349 victoriam
757 2291 852 2347 salutis
867 2300 972 2347 orostrae
993 2304 1041 2357 ge·
1096 2282 1156 2340 Cor.
1182 2286 1209 2339 6.
1228 2282 1293 2355 tuit
1314 2283 1455 2353 'lemplum
1475 2297 1574 2353 qnippe
1595 2283 1641 2337 bet
1659 2292 1732 2349 sutrt,
1750 2284 1895 2361 inquibus

243 2379 316 2433 stas;
331 2382 378 2438 per
393 2376 418 2421 te
431 2366 529 2422 clause
540 2363 655 2434 paradisi
668 2372 751 2433 porta·
764 2378 857 2417 rursus
867 2361 1041 2430 aperiuntur3
1097 2356 1213 2425 Spiritus
1229 2356 1275 2409 liei
1290 2355 1411 2411 babitat:
1428 2354 1556 2421 templum
1569 2364 1658 2409 autem
1673 2354 1803 2410 idolorum
1818 2367 1893 2423 ειιιιι,

244 2454 292 2509 per
303 2448 330 2493 te
343 2437 484 2509 imperinm
497 2434 593 2491 mortis
607 2433 719 2489 fractum
735 2443 777 2490 est
788 2449 796 2499 ;
807 2441 906 2502 perte
920 2431 1042 2486 iulernus
1096 2427 1141 2497 qui
1154 2427 1190 2482 ob
1202 2426 1339 2483 ebrietatis
1349 2425 1444 2481 sordes
1458 2426 1671 2494 intemperantiae
1683 2424 1835 2481 satietatem
1846 2427 1896 2481 ad·

244 2508 375 2579 spoliatus
388 2516 448 2571 est;
465 2522 513 2575 per
534 2516 561 2561 te
580 2506 678 2560 mortni
693 2505 747 2560 nita
767 2504 928 2572 dignantur:
946 2517 994 2572 per
1015 2511 1043 2557 ιε
1097 2498 1214 2552 ιιιιιιιιιιι.
1240 2497 1374 2553 liudierus
1392 2496 1451 2551 dies
1464 2496 1626 2552 vestibulum
1645 2505 1687 2553 est
1702 2494 1867 2567 jejuniorum
1885 2514 1893 2551 r

243 2579 313 2636 latro
327 2581 354 2635 in
375 2579 498 2650 paradiso
512 2576 625 2632 choreas
638 2577 693 2646 agit
706 2584 734 2631 et
745 2576 877 2638 cxsrrttat;
892 2588 940 2643 per
952 2582 979 2628 te
992 2586 1041 2626 co·
1096 2570 1142 2637 uui
1157 2570 1183 2623 in
1197 2568 1329 2624 vestibulo
1342 2566 1496 2640 profanatus
1510 2576 1562 2631 est,
1577 2582 1631 2625 non
1645 2577 1687 2623 est
1699 2568 1795 2639 dignus
1804 2570 1850 2639 qui
1866 2570 1894 2625 ιιι

244 2651 370 2721 putantur
384 2648 500 2705 ειιιεειιι
525 2649 641 2703 terrenis
654 2664 662 2712 ;
677 2662 726 2731 per
748 2657 773 2701 ιε
794 2646 898 2700 accedit
920 2642 1042 2699 veritatis
1075 2660 1078 2665 ·
1096 2649 1189 2695 sancta
1203 2640 1293 2695 intret.
1307 2638 1403 2695 Nullus
1413 2652 1507 2693 sertus
1521 2639 1567 2709 qui
1582 2638 1677 2695 berum
1692 2654 1769 2695 sturm
1784 2640 1894 2710 placare

185 2736 193 2755 ·
244 2721 377 2790 cognitio;
393 2734 440 2790 per
453 2729 596 2775 tesacrum
612 2718 745 2789 baptisma
761 2715 974 2787 regenerationis
988 2713 1038 2767 da·
1097 2711 1171 2777 velit,
1193 2710 1302 2767 inimioo
1322 2709 1380 2779 cius
1402 2719 1516 2793 patrono
1534 2719 1580 2765 aut
1599 2710 1774 2769 conciliatore
1797 2712 1893 2767 utitur.

246 2799 301 2847 tum
312 2801 354 2849 est
368 2808 376 2857 ;
393 2806 440 2860 per
453 2800 480 2845 te
492 2789 615 2845 remissio
628 2799 798 2856 peecatorum
812 2786 966 2841 bominibus
976 2800 1041 2841 con·
1097 2782 1222 2838 Ebrietas
1237 2782 1374 2838 inimicitia
1389 2791 1431 2835 est
1443 2796 1469 2836 tn
1486 2781 1570 2837 betam
1586 2782 1735 2852 :ieiunium
1750 2798 1825 2848 tero,
1839 2781 1893 2839 iui-

244 2876 337 2928 cessar
353 2877 402 2929 per
414 2871 441 2917 te
453 2861 554 2917 doniam
570 2858 688 2929 Spiritus
702 2860 786 2914 sancti
799 2853 968 2928 obsignatum
980 2865 1040 2921 est;
1098 2854 1163 2908 tium
1185 2854 1359 2922 poetiitentiae.
1382 2852 1411 2907 Si
1431 2853 1473 2907 ιιε
1491 2867 1555 2923 ergo
1577 2868 1625 2923 per
1645 2848 1842 2910 consessionem
1858 2855 1893 2911 ad

244 2941 335 3004 perte
349 2931 599 3001 saturanigues
617 2929 714 2985 doinus
731 2930 778 2984 liei
794 2937 937 2991 vocandum
956 2942 1002 2995 pter
1014 2934 1043 2982 te
1098 2923 1181 2979 ιιειιιιι
1193 2932 1339 2988 revertere,
1354 2922 1417 2993 lugo
1434 2924 1601 2990 ebrieutein,
1617 2940 1652 2981 ne
1674 2924 1721 2981 ubi
1741 2925 1893 2996 graviorem

245 3019 361 3075 corpore
373 3011 401 3058 ει
414 3004 542 3072 sataguine
555 3000 653 3057 cbristi
669 3000 800 3066 lruimur;
822 3014 871 3070 per
890 3010 917 3055 te
935 2998 981 3053 tilii
995 2998 1043 3053 liei
1097 3004 1173 3065 paret
1191 2995 1390 3051 alienationem.
1413 2994 1468 3051 Nec
1486 2994 1652 3051 solticitsola
1668 3011 1716 3065 per
1730 3010 1759 3051 se
1771 2996 1894 3053 ciborum

245 3085 274 3132 et
288 3074 409 3132 lrarredes
421 3089 435 3129 r
469 3073 495 3128 ιιι
508 3072 634 3128 calorum
647 3070 718 3127 cilici
728 3072 884 3142 dignamur;
902 3084 949 3139 per
960 3080 986 3124 te
997 3084 1057 3125 oie-i
1097 3066 1259 3123 abstinentia
1269 3065 1302 3122 ad
1318 3065 1452 3121 laudatum
1462 3066 1614 3137 ieiunium.
1628 3066 1676 3123 sed
1689 3065 1840 3136 jejttnemus
1852 3068 1906 3140 ιε’

245 3146 383 3204 lebritates
404 3154 432 3202 ct
463 3152 519 3200 esta
546 3143 729 3200 exhilarantur
753 3154 782 3198 et
812 3141 922 3210 tntgeat.
950 3140 1042 3211 Ecqua
1076 3137 1172 3208 ¹jonio
1188 3137 1434 3209 acceptabili,lieo
1448 3137 1574 3208 placenti.
1591 3136 1691 3194 llerunt
1705 3138 1837 3210 jejunium
1850 3149 1895 3198 est

282 3221 332 3274 ssit
345 3219 432 3289 lingua
447 3230 588 3272 recensere
604 3228 669 3286 grint
682 3223 710 3269 ct
722 3223 819 3282 ‹priarua
834 3214 957 3269 cbristus
972 3212 1043 3268 licus
1098 3209 1257 3266 abstinentia
1271 3225 1285 3264 a
1300 3209 1386 3270 vitiis,
1404 3210 1577 3292 ternperantia
1598 3210 1716 3281 lingum,
1731 3210 1896 3270 abstinentia

266 3303 366 3346 umatto
377 3287 469 3359 generi
484 3303 531 3357 per
547 3296 573 3341 te
587 3286 697 3356 largitus
711 3286 766 3341 sit?
779 3285 850 3353 Quia
865 3301 929 3338 vern
943 3285 1011 3347 bac,
1026 3299 1043 3340 o
1097 3279 1131 3335 ab
1145 3282 1194 3350 ira,
1206 3281 1363 3352 separation
1376 3280 1601 3349 cuptidrmtibus,a
1615 3282 1774 3351 oraledietis,
1789 3299 1804 3338 a
1818 3300 1894 3340 men·

245 3361 324 3433 plebs
333 3370 424 3414 sarrcta
435 3367 463 3413 et
472 3357 636 3414 celebritatis
645 3371 751 3421 ainans,
765 3356 842 3409 nobis
852 3355 958 3426 cognita
967 3365 1041 3416 sunt,
1098 3351 1184 3417 dacio,
1200 3369 1214 3406 a
1231 3351 1346 3422 porpirio
1360 3369 1367 3406 ε
1382 3351 1541 3408 abstinentia
1554 3368 1569 3406 a
1584 3354 1666 3409 rebus
1680 3353 1832 3423 bttjosiuodi
1848 3371 1895 3413 ee-

246 3431 361 3486 candido
375 3428 457 3486 corde
477 3437 504 3483 ct
525 3443 591 3496 puro
609 3442 657 3482 ore
670 3427 852 3482 reiterandum
866 3434 894 3480 ει
907 3426 1043 3481 ιιιιιιειιιιι
1097 3437 1157 3478 rom
1168 3433 1210 3478 est
1217 3423 1357 3491 jepmium.
1375 3421 1404 3477 lu
1415 3422 1457 3476 bis
1461 3423 1592 3494 jejunium
1602 3432 1645 3480 est
1656 3426 1765 3480 bunun.
1780 3425 1896 3485 Domino

246 3502 348 3574 lignum
370 3500 573 3570 amplectamur,
589 3500 615 3552 in
638 3513 692 3569 qrro
711 3501 833 3552 conlisus
855 3507 897 3551 est
918 3495 1044 3553 cbristus
1098 3509 1159 3548 cunr
1175 3494 1279 3548 deliciis
1292 3492 1411 3548 fruamur
1424 3495 1450 3547 iu
1464 3494 1637 3552 meditatione
1648 3496 1818 3568 eloquiorum
1831 3497 1894 3569 Spi-

248 3573 319 3629 lieus
333 3581 484 3640 nostemet
501 3585 595 3625 manus
607 3568 704 3623 divinae
716 3569 799 3623 claris
815 3567 950 3622 transfixas
962 3579 1041 3628 sunt,
1098 3566 1175 3628 ritus,
1186 3575 1213 3619 et
1226 3565 1253 3620 io
1266 3564 1448 3633 assumptione
1461 3564 1584 3635 legalium
1597 3568 1765 3634 salutarium,
1774 3578 1855 3637 augus
1866 3572 1894 3628 in

247 3644 274 3699 in
288 3659 342 3714 quo
356 3645 447 3698 iancea
461 3642 531 3697 latus
543 3641 712 3709 perforarunt
726 3639 879 3704 homicidae,
895 3647 922 3692 et
936 3649 1043 3694 acetum
1097 3635 1222 3691 omnibns
1239 3651 1300 3707 qum
1317 3639 1434 3690 arripiam
1450 3647 1569 3693 uostmm
1581 3637 1699 3710 dirigunt
1711 3638 1892 3710 dogmatibus.

247 3715 310 3769 telle
330 3716 442 3769 mixtum
458 3711 508 3783 ipsi
523 3710 716 3780 propinarunt;
741 3719 934 3779 praetereuntes
953 3719 1043 3765 autem
1098 3709 1119 3761 Α
1140 3707 1243 3778 jejunio
1266 3707 1333 3762 elam
1357 3715 1464 3774 peracto
1484 3705 1616 3778 tugtunus
1630 3728 1637 3764 ι
1653 3710 1724 3780 grand
1746 3713 1895 3782 deprecans

248 3784 392 3840 movebant
403 3783 489 3852 capita
501 3796 548 3836 sua
562 3780 681 3836 ridentes
695 3795 727 3836 ac
740 3781 879 3836 dicentes:
893 3779 960 3845 Vab,
971 3780 1044 3835 Alios
1098 3783 1228 3846 propbeta
1245 3777 1312 3833 dicit
1326 3795 1333 3831 :
1348 3777 1408 3836 Noa
1429 3782 1498 3850 [unte
1520 3781 1615 3834 occidet
1635 3781 1759 3836 Dorruous
1781 3784 1896 3838 animam

247 3857 330 3910 solvas
340 3855 409 3927 feeit,
424 3854 532 3924 seipsum
542 3867 593 3905 uon
606 3861 688 3922 potest
701 3852 800 3906 sulcum
812 3851 896 3921 saeue
906 3852 948 3906 :si
960 3849 1044 3905 Filius
1093 3850 1160 3919 justi
1181 3848 1279 3922 (Proo-
1296 3850 1340 3906 ld.
1356 3849 1407 3918 5);
1424 3858 1461 3912 et,
1477 3847 1537 3904 Non
1551 3851 1603 3906 aidi
1609 3851 1711 3918 justum
1727 3852 1894 3919 derelictum,

250 3925 296 3979 tta·
307 3936 354 3991 est,
365 3923 500 3979 desseth
509 3937 577 3976 uuus
587 3923 618 3976 de
628 3939 713 3988 curce,
725 3932 749 3977 et
761 3927 887 3976 credimur
899 3923 922 3976 ci
935 3921 1041 3993 (baira.

247 3994 292 4050 st.
307 3996 365 4064 ιι).
382 3995 445 4051 ilaec
458 3993 630 4049 Hebraeorum
644 4001 747 4058 coetus,
762 3993 882 4064 ingratus
896 4005 923 4046 et
936 4009 1042 4058 careus,

247 4066 292 4137 qui
312 4065 401 4120 divina
423 4065 540 4136 prodigia
562 4063 694 4120 Ιιειιειιειο
715 4073 865 4133 acceperat.
885 4063 940 4119 Nos
952 4073 1042 4118 antem

247 4137 367 4194 virilitas
378 4136 479 4194 Christi
494 4137 632 4205 passiones
652 4135 813 4197 adoremus,
831 4136 919 4188 criseis
939 4135 1043 4205 suppli-

247 4209 336 4278 cium,
352 4209 526 4278 sepulturam,
538 4207 688 4261 triduanam
702 4205 953 4262 resurrectionema
968 4221 1043 4259 utor·

249 4281 318 4347 tuis;
334 4289 363 4334 ut
376 4295 428 4334 una
445 4279 634 4334 resuscitemus
647 4285 676 4334 et
689 4277 880 4346 glorificemur,
897 4277 919 4330 si
933 4277 1044 4347 quidem

248 4352 435 4420 corrapatimnr,
452 4357 481 4404 ut
496 4347 711 4419 prasiguillmiuit
723 4363 770 4402 ras
784 4347 923 4402 electionis
937 4348 1044 4404 divinus

249 4422 347 4478 Paulus
361 4422 371 4487 l
380 4420 455 4475 Rom.
470 4419 497 4476 8.
514 4419 579 4492 l'i).
604 4419 644 4477 sd
667 4420 724 4474 itare
745 4433 795 4475 tros
817 4418 896 4475 bodie
914 4429 1045 4474 corrvocat

169 4498 171 4502 “
249 4493 417 4548 sanctissima
429 4506 508 4554 crox,
521 4506 601 4560 quam
614 4491 801 4558 celebramus,
816 4501 844 4544 et
856 4489 906 4545 laos
921 4491 1043 4544 incurru-

248 4560 1046 4690 illimatam.'illiti:labilitatis

248 4704 1046 4856 :uetustissimatetraptotam

248 4855 306 4902 stes
317 4849 388 4903 sicut
401 4845 564 4917 bypocrttae(
582 4844 675 4899 liottd.
690 4846 717 4899 tt.
729 4846 764 4900 tti
779 4845 799 4914 l,
813 4845 861 4900 sed
882 4845 1044 4900 lularitatcm

249 4921 330 4973 animi
340 4919 399 4974 sine
406 4917 469 4974 iuco
478 4916 646 4974 exhibentes.
654 4913 713 4971 Nou
725 4915 790 4970 mibi
806 4925 906 4971 tanatum
921 4916 1046 4972 laboran-

249 4987 313 5044 dum
328 4989 438 5059 putatis,
452 4996 481 5042 ut
490 4987 623 5057 jejuiriotn
633 4987 710 5043 vobis
723 4986 862 5051 suadeam,
873 4997 1001 5058 quantum
1016 4997 1047 5043 ut

250 5075 299 5116 ros
313 5060 421 5116 laodien
435 5059 501 5113 vitio
518 5057 656 5113 ebrietatis
669 5069 788 5114 avertam
804 5075 812 5112 ε
826 5059 958 5128 jejuniium
973 5059 1046 5114 euim

250 5128 822 5199 eteseonsuetudiue,etexmutuopudore
831 5129 1044 5185 multisernant:

198 5200 203 5210 ’
250 5202 333 5258 timeo
344 5214 434 5258 auum
445 5200 602 5256 ebrietatem
613 5239 621 5265 ,
634 5215 714 5268 uuam
727 5215 777 5256 ceu
790 5210 890 5256 sortem
903 5199 1045 5271 quamdam

251 5284 390 5342 paternam
401 5271 457 5328 uini
470 5280 605 5327 amatores
616 5271 667 5324 sibi
677 5272 813 5341 propriam
821 5269 933 5326 ducunt.
947 5271 1048 5338 Qrtem·

251 5344 395 5400 admodum
406 5344 477 5399 enirn
492 5342 521 5409 ii,
534 5343 579 5412 uui
593 5341 627 5396 ad
642 5341 748 5425 longam
762 5357 810 5409 por
844 5343 1004 5396 rinatiouem
1017 5356 1048 5398 se

251 5425 423 5484 compararim
438 5415 475 5469 ita
487 5413 595 5484 quidam
610 5413 696 5468 iosaur
709 5412 789 5468 hodie
801 5429 817 5468 a
848 5413 966 5484 quiuque
977 5411 1046 5483 jeju·

252 5486 291 5541 uii
311 5485 371 5542 dies
389 5487 479 5541 viuum
500 5492 602 5556 potant.
622 5483 689 5552 eris
703 5485 739 5539 ita
753 5498 847 5540 amens
859 5491 912 5549 est,
927 5492 958 5538 ut
968 5494 1046 5540 ante-

210 5569 214 5583 ¹
250 5571 331 5627 quarn
345 5555 437 5612 bibere
451 5555 578 5626 incipiat,
596 5555 734 5612 ebriorum
752 5554 837 5610 instar
855 5554 992 5609 insaniat?
1012 5569 1047 5611 an

251 5627 360 5697 ignoras
372 5627 443 5698 guod
453 5639 548 5683 venter
559 5627 710 5696 depositum
720 5641 774 5682 uon
783 5627 890 5682 serrati
903 5624 1006 5682 Venter
1019 5626 1047 5684 in

252 5711 345 5753 ιιιιιιιιο
358 5707 401 5756 est
413 5697 630 5766 infidelissimus,
643 5714 728 5769 penus
741 5711 793 5753 nou
809 5707 865 5769 tuta
882 5712 943 5754 eum
962 5698 1047 5754 multa

251 5768 373 5844 deposita
397 5770 494 5842 accipit
514 5787 522 5824 a
542 5769 670 5827 damnum
691 5769 828 5840 retineat,
847 5769 970 5844 deposita
992 5785 1047 5830 noo

1098 3935 1143 3973 aes
1155 3937 1238 3975 teuton
1249 3920 1303 3990 ejus
1317 3937 1430 3992 meruit
1448 3937 1538 3990 punctu
1555 3921 1647 3992 (Psoi.
1661 3923 1706 3979 56.
1721 3923 1786 3994 25).
1802 3925 1896 3994 Nedao

1098 3991 1169 4045 eninr
1183 3990 1218 4047 de
1227 3991 1318 4046 sensili
1331 4006 1399 4060 pane
1410 3992 1537 4062 loquitur.
1549 3995 1594 4064 qui
1605 3994 1708 4050 sciebat
1722 3995 1790 4050 iiiios
1801 3993 1896 4053 Jaoobi

1099 4061 1256 4128 patriarcha·
1266 4063 1342 4131 panis
1354 4062 1489 4132 rpuaerendi
1500 4077 1581 4118 causa
1593 4065 1767 4136 inAEgyptum
1778 4066 1896 4122 descen·

1098 4131 1187 4198 disse,
1203 4133 1249 4188 sod
1263 4136 1297 4188 de
1310 4134 1439 4200 spirituali
1453 4134 1515 4189 cibo
1531 4135 1610 4190 uerita
1626 4135 1707 4204 sarcit,
1721 4152 1774 4206 ntro
1788 4137 1896 4207 persici-

1100 4214 1143 4257 tur
1162 4205 1274 4260 interior
1288 4203 1380 4260 borno.
1403 4204 1442 4259 Nc
1460 4205 1538 4260 nobis
1552 4207 1682 4277 jejrrniunt
1698 4208 1761 4264 iliud
1774 4211 1894 4275 eueniat,
1925 4259 1929 4269 ,

1098 4275 1168 4344 qrrod
1181 4275 1280 4331 induis
1292 4276 1473 4332 corruninatur
1487 4274 1557 4333 Deus
1571 4295 1579 4330 ε
1592 4277 1658 4334 Ecce
1669 4278 1723 4334 dier
1735 4281 1847 4347 aeuiurrt,
1858 4281 1897 4336 di·

1098 4346 1132 4399 cit
1145 4346 1280 4422 domiuus,
1295 4356 1320 4400 et
1335 4347 1454 4401 iudaeam
1465 4349 1558 4419 [nartem
1571 4366 1648 4420 snper
1660 4359 1753 4406 teuent
1768 4367 1840 4407 :riou
1854 4356 1897 4422 sa-

1099 4433 1163 4472 mem
1172 4420 1256 4488 portis,
1267 4433 1345 4487 usque
1355 4418 1424 4472 sitini
1435 4434 1517 4492 aquis,
1532 4422 1577 4476 ted
1587 4421 1680 4490 [orarem
1693 4423 1814 4478 audiendi
1827 4423 1897 4479 uerdt'

1099 4486 1205 4543 Douriut'
1220 4489 1317 4559 (Amos
1328 4489 1356 4545 8.
1371 4489 1400 4544 tt
1417 4490 1436 4558 l.
1457 4493 1541 4558 eraru
1556 4491 1617 4547 ideo
1628 4493 1731 4549 induxit
1743 4499 1831 4563 justus
1844 4493 1895 4550 itt-

1098 4559 1162 4625 dex,
1173 4563 1235 4632 quia
1250 4561 1356 4616 videbat
1370 4576 1463 4616 corum
1479 4573 1595 4617 tricident
1611 4564 1637 4618 in
1651 4567 1771 4620 veritatis
1784 4565 1897 4636 degina-

1100 4632 1171 4686 tibus
1183 4632 1292 4702 ptentrria
1307 4634 1411 4701 premi,
1426 4633 1489 4687 dum
1504 4634 1623 4690 exter-ior
1638 4635 1718 4691 tronto
1733 4636 1837 4703 pinguis
1849 4651 1897 4692 se·

1099 4703 1214 4758 curidum
1225 4717 1333 4758 carnem
1345 4711 1426 4758 esset.
1440 4703 1555 4773 Spiritus
1567 4720 1631 4775 ergo
1643 4715 1752 4762 satiatus
1764 4721 1810 4761 ios
1824 4707 1897 4762 inse·

1099 4775 1190 4842 quenti
1214 4785 1335 4843 tempore
1358 4775 1495 4830 utatutinis
1515 4785 1542 4829 et
1554 4777 1712 4844 vespertinis
1733 4776 1800 4832 cibis
1822 4777 1897 4835 lauto

1100 4846 1212 4900 reiioiet.
1224 4843 1334 4900 Netuoa
1350 4845 1481 4913 spirituaii
1493 4847 1616 4901 coartivio
1625 4857 1721 4918 sponte
1733 4849 1802 4902 absit
1816 4865 1822 4900 :
1837 4862 1897 4903 out·

1100 4931 1148 4969 nes
1163 4915 1308 4984 participes
1321 4915 1404 4969 situas
1416 4915 1520 4985 ieiunii,
1536 4932 1616 4988 quoa
1631 4918 1715 4974 coctis
1728 4919 1795 4973 cibis
1809 4920 1896 4974 absti-

1099 4996 1188 5041 netur.
1208 4985 1333 5054 putescat
1346 4986 1454 5040 tandem
1466 4989 1561 5042 dontius
1574 5004 1590 5042 a
1603 4988 1675 5044 tuille
1689 4989 1865 5058 tumultibus,
1879 5007 1896 5048 a

1100 5056 1174 5113 iunio
1188 5067 1215 5113 et
1228 5056 1323 5111 nidore
1336 5097 1343 5118 ,
1358 5057 1392 5110 ab
1406 5057 1438 5111 iis
1451 5059 1495 5126 uui
1507 5059 1715 5130 circumquaque
1728 5060 1895 5130 discurrunt,

1100 5140 1126 5184 ct
1140 5129 1227 5184 ventri
1237 5127 1314 5197 guasi
1327 5127 1472 5182 inevitabili
1482 5128 1591 5184 domiuo
1602 5130 1732 5186 serviunt.
1750 5132 1896 5190 Exactorcs

1100 5211 1174 5254 certe
1188 5199 1302 5254 subditis
1316 5200 1373 5253 suis
1387 5198 1486 5268 aliquid
1503 5199 1634 5256 libertatis
1653 5202 1788 5258 interdum
1803 5203 1894 5258 indul·

1099 5282 1172 5341 gent.
1190 5271 1240 5326 Det
1254 5280 1347 5326 ιειιιει·
1359 5271 1488 5340 qttasdam
1502 5268 1583 5325 leriae
1596 5272 1636 5326 οιι
1649 5291 1656 5326 :
1668 5272 1724 5340 det,
1736 5284 1763 5329 et
1775 5274 1896 5343 quintius

1100 5343 1204 5399 dierum
1219 5341 1340 5398 inducias
1352 5340 1491 5397 nobiseum
1504 5344 1663 5411 paciscatur,
1672 5345 1716 5412 uui
1728 5358 1838 5417 semper
1847 5363 1896 5417 ap-

1100 5415 1182 5482 petit,
1197 5424 1225 5471 ει
1239 5427 1384 5484 uuusquam
1396 5422 1498 5479 cessat;
1513 5415 1558 5484 qui
1574 5415 1653 5470 bodie
1664 5415 1780 5488 accipit,
1795 5425 1823 5471 et
1834 5432 1896 5474 oras

1100 5487 1202 5556 accepti
1216 5484 1372 5541 oliviscitur.
1394 5485 1461 5540 Cum
1484 5483 1699 5554 pleimundo
1720 5491 1895 5558 temperantia

1102 5556 1320 5628 ptiitosoptutnu
1340 5570 1402 5611 eum
1424 5570 1540 5619 vacuus,
1563 5557 1691 5612 doctrinae
1714 5557 1893 5618 obliviscitur.

1100 5625 1233 5697 ieiunium
1254 5627 1366 5684 lunaris
1387 5635 1507 5682 naturam
1528 5642 1582 5684 non
1606 5630 1696 5696 norit,
1710 5643 1818 5686 usuram
1840 5648 1894 5688 uon

1101 5699 1156 5754 olet
1170 5713 1261 5754 menso
1270 5699 1417 5771 jejunantis
1429 5739 1436 5764 ‚
1450 5698 1579 5770 pupillum
1594 5714 1648 5755 non
1660 5702 1814 5771 opprimunt
1821 5701 1894 5773 jeju·

1102 5771 1191 5830 nantis
1204 5770 1260 5839 lilii,
1274 5785 1324 5828 oso
1343 5771 1413 5827 sicut
1430 5780 1570 5843 serpentes
1588 5771 1662 5830 illum
1679 5773 1892 5845 ctumpticant
