4084 6350
620 257 1058 345 s.rosumscssrsosrour
1074 246 1520 340 mesmoousrmmor.
1846 237 1900 300 ext

257 275 312 358 ²2⁵

257 379 388 476 “milla
406 389 566 477 0100108οῗ
581 388 615 469 Ψ
636 391 663 445 ¹⁸⁸
684 385 812 463 1000000ι
837 398 888 438 Μ
905 377 981 444 '‘N'’
1007 375 1052 430 “d
1105 379 1771 463 ideoiudiciumaccepit,quialtumoesttaliequiu
1780 377 1900 451 quidiut·

259 489 359 545 transiit
371 504 387 542 a
397 493 478 542 morte
488 485 516 540 in
527 485 614 540 ritum.
629 479 676 539 liis
689 479 791 536 duobus
802 474 852 532 sibi
866 472 946 529 iidem
960 469 1053 526 eonci-
1105 484 1209 558 peqpep
1222 482 1365 557 qupmppup
1374 495 1470 537 omn„
1481 475 1604 556 pompm
1612 474 1716 545 puppe,
1726 470 1839 530 mppr
1851 470 1900 526 seq

257 584 316 650 liat.
331 593 358 638 et
372 579 444 658 oroi
459 574 705 636 Perieredendum
720 572 833 638 eiceret,
848 567 959 642 sequor
973 565 1052 623 sose
1105 575 1168 649 qnia
1182 574 1324 632 ineratus
1336 572 1574 630 seriosissimus
1587 568 1671 626 mirus
1681 565 1900 638 seruatores

256 675 348 746 quemi
363 673 445 731 multa
459 672 527 728 bona
547 669 726 742 polliceretur.
741 663 808 721 lllud
823 670 923 730 autem,
937 657 971 714 ln
979 657 1054 730 iudi·
1105 677 1157 726 psa,
1172 667 1210 724 ita
1224 669 1304 740 igitur
1317 664 1469 739 legendum,
1485 665 1552 734 Quia
1566 662 1652 719 rmus
1665 661 1776 718 bominis
1787 671 1835 727 est,
1849 676 1901 715 ιω.

256 769 324 822 er'tttrt
344 783 395 821 nuta
409 765 484 832 1161111,
505 761 532 821 ld
553 769 605 829 882,
625 775 678 816 nott
694 757 811 830 punitur.
831 755 942 812 Mortem
962 760 1051 808 utilem
1087 760 1346 817 ditebpchmimrff,
1363 759 1429 816 Cum
1447 759 1584 815 videretur
1598 755 1763 813 guditofibus
1778 769 1901 827 papum.

258 875 310 914 non
327 858 404 925 banc,
420 857 468 913 sed
487 849 615 912 aeternam
629 851 711 918 dicit;
725 859 754 906 ut
776 859 803 906 ct
820 849 902 904 vitum
921 845 986 903 dicit
999 845 1052 899 im·
1106 854 1142 909 pa
1163 851 1255 924 toqui,
1272 860 1298 908 οι
1312 851 1378 908 „sqq
1393 850 1465 908 ,nup
1485 865 1564 923 qum
1580 864 1676 921 pamm
1688 848 1825 904 hominem
1840 861 1901 903 Μ

137 999 144 1007 ,
257 951 409 1006 mortalem.
423 947 468 1005 25.
485 947 576 1012 Amen,
592 959 665 998 nureo
684 942 832 1018 diceuebis,
848 939 916 996 uenit
939 937 1011 1000 bore,
1028 947 1053 992 et
1105 945 1179 1001 illum
1193 953 1327 1017 putarent,
1341 945 1422 1001 verpa
1432 952 1522 1001 aurem
1534 958 1613 1014 supp-2
1625 943 1772 1008 hominem,
1786 941 1843 998 imp
1854 954 1903 996 m.

256 1057 324 1096 nuuc
336 1049 382 1106 est,
401 1055 457 1094 cum
479 1037 574 1092 mertui
592 1021 700 1115 ¹audient
714 1049 798 1088 uocem
814 1029 877 1086 Filii
893 1029 1011 1093 leontinis,
1028 1035 1053 1082 et
1105 1054 1153 1111 pm
1164 1040 1275 1111 angelos
1287 1045 1388 1106 essem,
1402 1048 1429 1095 οι
1443 1036 1526 1094 ,otrus
1541 1037 1607 1099 1)qu
1620 1036 1689 1092 panc
1707 1035 1815 1091 „qvem
1826 1032 1903 1102 ppje.

255 1135 299 1206 qui
313 1131 448 1197 audierim,
462 1129 553 1183 uiuent.
566 1125 698 1198 Operibus
711 1127 775 1197 ipsis
789 1125 870 1180 rerba
883 1118 1050 1191 comprobat.

246 1223 322 1280 Num
335 1239 395 1280 cum
409 1221 529 1284 dixisset,
539 1218 614 1276 Sicut
624 1217 701 1273 Pater
712 1217 817 1297 suscitat
830 1225 942 1271 mortuos
957 1223 980 1269 et
991 1212 1054 1267 uiui-

132 1375 136 1382 ,
256 1315 325 1385 ficet,
346 1314 383 1370 sic
398 1321 422 1368 et
442 1310 527 1367 Filius
548 1328 610 1383 ques
629 1311 682 1366 uuit
699 1310 819 1381 vivificet,
841 1323 875 1364 ne
896 1307 1052 1362 riderentur

256 1406 358 1464 baeer
380 1407 506 1478 jactantia
526 1415 555 1464 et
572 1401 643 1460 lustu
667 1404 738 1460 dictu
761 1403 851 1469 luisse,
873 1398 1053 1472 exoperibus

255 1518 313 1559 rem
327 1498 501 1567 demonstrat,
522 1515 583 1557 cum
601 1498 677 1566 dicit,
702 1497 777 1553 Venit
794 1497 867 1552 bore.
895 1495 997 1551 lleindc
1017 1509 1053 1551 uc

254 1606 332 1668 putes
347 1594 393 1651 diu
414 1592 623 1666 suspectandum
645 1605 716 1658 esse,
736 1590 837 1662 adjicit,
863 1589 899 1644 Et
921 1597 1051 1655 nuncest,

255 1703 314 1743 cum
326 1688 422 1743 mortui
440 1687 545 1741 audient
564 1699 649 1740 aecem
663 1681 727 1739 Filii
743 1683 802 1751 Dei,
816 1682 895 1754 etqui
912 1681 1052 1749 audierint,

255 1783 345 1836 abent.
367 1777 523 1848 Viden',bic
543 1777 728 1834 auctoritatem
748 1782 775 1831 et
789 1771 936 1845 potentiam
959 1771 1053 1828 ined'a·

254 1872 356 1931 biiemi
368 1869 598 1943 Quemadmodum
612 1871 684 1926 enim
703 1869 729 1924 iu
745 1867 954 1931 resurrectione,
969 1866 1008 1921 sic
1026 1873 1054 1921 et

255 1965 398 2031 nurreerit,
412 1963 508 2034 inquit.
531 1962 597 2018 Num
619 1969 682 2017 tuoe
696 1958 785 2016 audite
801 1957 958 2029 imperantis
975 1967 1051 2024 voce,

254 2045 442 2130 resurgemus3
458 2055 492 2111 lu
504 2057 580 2127 iussu
592 2053 641 2109 Dei
654 2055 681 2120 ¹,
696 2051 792 2124 inquit,
808 2050 903 2106 mertui
922 2057 1053 2122 retorperet

255 2153 294 2222 (i.
305 2147 396 2205 l'luess.
407 2149 435 2204 l.
450 2147 506 2223 16).
521 2147 555 2204 m
572 2145 653 2213 unde,
670 2145 784 2217 inquies,
798 2149 904 2199 couatm
918 2137 982 2197 illud
998 2153 1053 2195 non

254 2257 288 2300 ex
311 2242 379 2298 tastu
401 2241 501 2300 dictum
526 2240 606 2297 esse?
619 2239 658 2295 lix
670 2253 704 2294 eo
716 2235 788 2319 quod
801 2233 918 2300 additur,
934 2231 968 2288 Et
985 2247 1054 2286 nunc

255 2346 301 2393 est.
312 2335 378 2392 Nam
388 2335 412 2391 ai
422 2335 510 2391 lutura
521 2341 622 2390 tantum
633 2332 779 2396 nuntiaret,
788 2327 852 2384 bine
861 2325 927 2398 ipsis
949 2323 1053 2395 ospicio

255 2437 315 2486 orta
335 2437 416 2485 esset.
435 2427 494 2484 tam
514 2440 580 2483 rero
596 2425 637 2482 rei
655 2421 915 2480 demonstrationem
934 2341 1050 2489 {nabet

254 2520 306 2589 lie,
322 2522 418 2594 inquit,
443 2521 582 2577 uobiscum
607 2527 732 2577 remote
753 2515 806 2572 boc
826 2513 942 2572 eueniet.
960 2511 1054 2583 Neque

254 2617 337 2684 cuim,
365 2617 415 2673 nisi
436 2623 596 2688 potestatem
609 2612 768 2678 'habuisset
783 2610 846 2665 boc
872 2607 1053 2682 promissurus

254 2704 321 2777 erat,
348 2725 382 2766 ne
402 2704 533 2765 ridiculus
547 2707 673 2764 omuibus
686 2709 769 2762 esset.
792 2699 983 2778 Deindedicta
1003 2711 1052 2754 sua

254 2800 421 2873 explicotbis
431 2797 588 2857 uerbiscid.
602 2799 678 2856 Sicut
687 2797 755 2853 mim
764 2792 845 2850 Peter
857 2794 931 2849 babet
941 2790 1054 2846 uiumio

255 2894 398 2963 mmetipso,
410 2893 447 2948 sic
461 2892 531 2947 dedit
547 2898 572 2947 et
584 2887 654 2946 Filio
668 2889 745 2945 eitam
759 2885 892 2943 intersim
905 2883 1051 2956 mmetipse.

291 2987 317 3045 5.
326 2981 449 3044 Patris'et
465 2985 528 3042 Filii
540 2979 927 3057 nomenclaturamounn,
937 2992 1052 3033 resurre-

253 3083 362 3138 ctionem
369 3079 537 3138 condierimus
546 3095 613 3152 sepe
622 3084 752 3150 mensuret.
762 3071 1054 3129 PeniusSnmesutenus

253 3176 378 3248 quomodo
388 3157 466 3249 tepet.
483 3174 547 3243 Quis
561 3173 593 3230 sit
603 3188 675 3229 uerus
689 3167 789 3244 lependi
802 3162 1051 3224 Μαι-11111111

253 3270 388 3343 quomodo
402 3268 584 3340 aequalitatem
602 3264 736 3329 stabiliat,
748 3272 777 3321 et
788 3261 858 3319 hanc
872 3261 957 3318 selam
971 3256 1051 3319 dilie-

253 3364 368 3421 rentiam
390 3368 507 3428 statuat,
521 3358 592 3433 quod
606 3372 676 3415 uuus
697 3354 732 3413 slt
754 3354 853 3421 Pater,
867 3348 1052 3409 alterl'iliusi

253 3457 319 3513 Nom
334 3472 385 3513 vox
396 3455 452 3522 illa,
469 3453 557 3522 Dedit,
571 3451 642 3508 hanc
656 3450 742 3507 solum
757 3448 959 3506 distinctionem
972 3444 1051 3500 indu-

252 3550 290 3608 cit
300 3567 308 3605 ε
320 3560 417 3605 caetera
432 3562 497 3604 vero
516 3544 607 3602 ornuia
628 3542 741 3615 aequalia
756 3549 783 3599 et
796 3540 871 3614 paria
884 3553 944 3596 esse
957 3546 1050 3594 osten·

252 3641 301 3698 dit.
317 3638 394 3697 Unde
407 3640 490 3710 liquet
504 3652 566 3693 eum
581 3650 643 3693 cum
657 3631 751 3691 eadem
766 3640 897 3703 potestate
909 3638 937 3686 et
951 3628 1051 3685 uirtute

253 3732 342 3789 omnia
355 3730 452 3798 iacere,
468 3744 519 3803 qua
531 3718 621 3793 Pater,
636 3741 687 3783 uec
701 3723 808 3781 aliunde
822 3724 877 3779 rim
890 3722 963 3779 illam
990 3736 1052 3777 mu·

182 3896 185 3907 Ι
254 3833 351 3881 tumus.
366 3823 404 3879 lta
417 3823 488 3879 enim
500 3821 581 3877 vitam
596 3820 686 3887 babet,
702 3827 731 3875 ut
753 3818 841 3874 Pater.
858 3815 975 3887 ideoque
987 3828 1051 3869 rur·

253 3933 299 3974 sus
313 3916 405 3988 adjicit
419 3914 446 3971 id
458 3913 530 3985 quod
544 3913 685 3984 sequitur,
701 3919 731 3967 ut
750 3926 784 3967 ex
804 3909 854 3965 boc
869 3907 934 3964 illud
950 3904 1051 3962 intelli·

253 4026 356 4083 gamus.
365 3992 439 4078 'Quid
449 4004 514 4063 illud
526 4005 584 4065 esti
600 4002 634 4059 m
648 4011 797 4076 potestatem
807 4000 876 4056 dedit
887 3999 1050 4072 eit'udicium

252 4105 346 4177 [acere.
361 4101 395 4158 lit
408 4104 457 4159 cur
476 4100 702 4157 resurrectionem
723 4104 750 4152 et
768 4094 899 4166 judicium
919 4100 974 4148 tam
995 4090 1052 4146 ire·

253 4206 366 4269 quenter
379 4192 527 4267 memorati
541 4190 616 4249 Sicut
634 4178 702 4245 enim
719 4186 801 4243 Pater
819 4186 924 4242 suscitat
937 4191 1053 4238 mortuos

255 4301 278 4345 et
289 4289 410 4359 uiuificut,
423 4288 460 4343 sic
475 4296 499 4341 et
514 4284 598 4340 Filius
608 4299 671 4356 quos
684 4280 736 4337 uuit
749 4281 872 4350 uiuificuq
886 4284 914 4334 et
925 4290 1052 4341 rursum,

255 4380 345 4454 Neque
356 4380 434 4437 Peter
441 4380 543 4453 judicat
553 4392 715 4450 quoiusquam,
726 4374 771 4431 sed
785 4390 859 4429 omne
867 4371 998 4444 judicium
1011 4369 1053 4424 de·

254 4475 292 4530 dit
309 4474 395 4541 Fiiin,·
409 4474 573 4543 iterumque,
587 4470 660 4527 Sicut
679 4466 758 4524 Peter
777 4468 850 4524 belet
875 4464 953 4521 ultum
970 4466 998 4519 t'o
1014 4478 1054 4519 se·

254 4570 371 4642 metipso,
382 4568 419 4621 itu
428 4566 497 4621 dedit
510 4576 532 4621 et
543 4562 613 4619 Filio
622 4564 700 4619 uitem
713 4562 804 4617 trabem
816 4562 844 4615 in
855 4546 1000 4629 semetipso,²
1013 4564 1052 4625 et,

256 4660 308 4731 Qui
321 4657 426 4714 audient
440 4673 525 4713 uocem
540 4654 604 4712 Filii
619 4654 676 4723 Dei,
691 4656 790 4718 uiuent,·
803 4664 831 4708 et
844 4653 895 4707 lroc
911 4653 984 4715 luco,
999 4647 1055 4705 Pe·

1105 1115 1223 1187 ettonem
1246 1130 1410 1203 sutrinse:
1431 1127 1519 1185 uttan
1538 1129 1625 1184 murae
1648 1128 1718 1196 soc,
1737 1126 1798 1195 nt·
1816 1123 1905 1180 saun

1105 1224 1216 1278 bominis
1230 1231 1266 1279 est
1280 1241 1290 1278 .·
1302 1223 1362 1294 quie
1372 1223 1439 1278 uenit
1451 1222 1524 1289 bore,
1537 1223 1566 1276 in
1576 1238 1628 1293 qun
1640 1236 1736 1288 omna,
1749 1219 1795 1291 qui
1807 1219 1834 1273 in
1846 1233 1905 1272 me·

1105 1317 1230 1372 numentia
1242 1326 1311 1384 sunt,
1327 1317 1430 1372 audient
1440 1332 1526 1372 uocem
1541 1314 1607 1389 ess,-
1621 1303 1669 1373 29.
1678 1323 1703 1370 et
1715 1314 1850 1384 procedent
1860 1313 1906 1385 qui

1106 1408 1172 1464 bonu
1185 1411 1316 1481 fecerunt,
1330 1413 1357 1464 in
1370 1410 1579 1465 resurrectionem
1599 1411 1656 1466 uitoe
1669 1425 1679 1464 .·
1692 1410 1737 1482 qui
1757 1425 1815 1464 uero
1834 1408 1907 1463 nenia

1105 1512 1228 1574 epmunt,
1243 1504 1271 1557 in
1281 1506 1491 1560 resurrectionem
1504 1502 1603 1570 iudicii.
1619 1503 1656 1559 Et
1682 1517 1730 1558 cur
1743 1516 1797 1557 nort
1811 1500 1903 1568 dixit,

1105 1593 1192 1650 Nolite
1203 1593 1305 1661 mirari,
1320 1597 1381 1666 quia
1395 1593 1479 1678 lilius
1493 1593 1752 1651 bomiolsestloam
1764 1595 1845 1650 etiam
1860 1591 1908 1648 rt-

1105 1689 1158 1745 iius
1178 1689 1225 1746 liei
1246 1701 1307 1764 est;
1328 1688 1377 1745 sed
1398 1674 1624 1747 resurrectionem
1642 1689 1824 1744 memorauitl
1842 1684 1905 1743 lom

1106 1781 1171 1838 illud
1193 1797 1273 1856 supra
1293 1793 1439 1855 posuerat,
1455 1780 1547 1838 dicens
1572 1801 1580 1837 ι
1601 1780 1714 1836 audient
1732 1793 1817 1835 umens
1840 1775 1909 1833 Fdii

1106 1874 1166 1932 Dei.
1183 1875 1262 1944 Quod
1276 1873 1304 1932 si'
1314 1872 1358 1932 lric
1376 1873 1442 1932 illud
1456 1874 1557 1939 tacuit,
1578 1888 1614 1929 oc
1631 1873 1748 1928 mireris.
1761 1871 1828 1926 Nam
1841 1883 1905 1926 cum

1107 1981 1174 2038 opus
1188 1967 1286 2024 dixerit
1306 1965 1378 2039 quod
1392 1967 1447 2023 beo
1458 1965 1595 2038 proprium
1607 1972 1682 2032 erat,
1699 1961 1762 2018 binc
1783 1961 1905 2017 iuleren-

1106 2059 1170 2115 dum
1191 2058 1358 2115 auditoribus
1376 2057 1523 2128 relinquit,
1537 2057 1624 2127 ipsum
1644 2067 1707 2110 esse
1730 2060 1758 2109 et
1775 2051 1861 2108 ileum
1874 2059 1909 2106 et

1107 2153 1155 2210 lle'i
1168 2152 1276 2209 Filium.
1292 2152 1357 2208 Nem
1371 2153 1393 2207 si
1406 2147 1433 2208 id
1443 2149 1597 2230 frequenter
1607 2148 1727 2216 dixisset,
1741 2145 1802 2202 illos
1814 2143 1849 2200 ad
1861 2159 1909 2200 re·

1105 2244 1278 2318 pugnandum
1291 2244 1463 2311 concitasset3
1474 2257 1507 2298 ex
1518 2241 1654 2298 miraculis
1667 2255 1733 2297 sero
1744 2235 1910 2308 comproba·

1106 2349 1162 2398 tum
1186 2341 1274 2396 minus
1296 2338 1415 2396 odiosam
1435 2337 1584 2394 doctrinam
1603 2333 1745 2392 reddebat.
1767 2329 1909 2400 Numqui

1107 2433 1278 2506 syllogismos
1287 2439 1415 2497 nectunt,
1426 2430 1519 2501 positis
1534 2424 1761 2499 propositionibus
1773 2437 1835 2493 quae
1845 2434 1907 2476 rem

1105 2524 1229 2595 probem,
1245 2539 1317 2594 saepe
1330 2521 1531 2579 conclusionem
1543 2533 1601 2575 non
1613 2516 1739 2580 allenium
1757 2511 1805 2569 sed
1819 2513 1908 2568 berte·

1106 2616 1283 2672 volentiorem
1305 2613 1368 2669 binc
1382 2612 1433 2670 sibi
1446 2611 1599 2668 auditorem
1614 2607 1749 2670 reddunt,
1765 2613 1795 2662 et
1812 2603 1910 2675 spien-

1106 2707 1237 2764 didlorem
1246 2706 1368 2763 reicmnt
1380 2705 1530 2771 uictoriam,
1542 2703 1607 2759 dum
1618 2698 1801 2758 adversariam
1814 2698 1909 2768 ipsum

1105 2808 1206 2872 cogunt
1226 2799 1386 2856 sententiam
1405 2798 1477 2855 ierre
1499 2810 1579 2868 quam
1605 2792 1702 2850 reluat
1717 2810 1725 2848 ι
1742 2792 1779 2846 ἰιι
1802 2798 1833 2846 ut
1856 2787 1909 2860 qui

1105 2904 1254 2965 presentes
1266 2902 1329 2949 sum
1341 2893 1426 2964 ipsam
1439 2889 1502 2947 ideo
1514 2890 1607 2946 statim
1617 2887 1824 2960 amplectantur.
1833 2881 1908 2938 Cum

1104 2999 1186 3058 porro
1207 2985 1302 3040 Lazari
1323 2983 1549 3041 resurrectionem
1572 2978 1752 3044 memorauit,
1772 2974 1909 3047 judicium

1104 3073 1198 3146 ta'cuiq
1212 3077 1349 3134 nonenim
1362 3074 1547 3132 bacdeeausa
1561 3071 1706 3130 suscitatus
1713 3081 1755 3125 est
1765 3066 1906 3138 Lazaprs:

1105 3188 1167 3231 cum
1174 3180 1265 3229 autern
1272 3169 1307 3227 de
1318 3166 1463 3226 universali
1475 3165 1685 3230 resurrectione,
1696 3161 1726 3223 id
1733 3159 1841 3232 adiecit,
1853 3171 1908 3217 eos

1104 3268 1151 3339 qui
1160 3267 1230 3323 bona
1244 3265 1453 3346 egeruntlturoa
1466 3263 1493 3318 io
1507 3258 1737 3318 monacensem
1756 3256 1820 3312 ritas
1832 3271 1841 3320 ς
1855 3253 1905 3324 qui

1104 3375 1170 3416 uero
1182 3358 1270 3424 mala,
1284 3358 1311 3413 lo
1327 3354 1553 3413 resurrectionem
1561 3352 1666 3424 judicii.
1682 3350 1768 3407 sicet
1780 3346 1908 3405 locanes

1105 3452 1254 3509 auditorem
1268 3449 1412 3517 excitauit,
1425 3448 1553 3519 iudicium
1569 3459 1740 3510 memorans,
1759 3452 1789 3500 et
1808 3432 1909 3497 tuus

1105 3561 1167 3604 eum
1180 3544 1224 3618 qui
1239 3559 1293 3600 non
1306 3542 1393 3601 credit
1405 3544 1433 3597 in
1445 3540 1561 3606 Niliutu,
1576 3554 1634 3595 nou
1646 3539 1767 3595 risurum
1785 3548 1849 3592 esse
1861 3532 1907 3589 ri·-

1104 3652 1159 3697 tam
1170 3682 1178 3705 ,
1190 3637 1238 3695 sed
1252 3639 1320 3694 iram
1331 3638 1378 3693 liei
1391 3650 1547 3693 mansuram
1558 3648 1621 3691 esse
1634 3648 1717 3705 super
1728 3647 1790 3689 eum
1802 3628 1906 3704 (donn

1105 3734 1133 3790 ὅ.
1148 3730 1205 3805 tt).
1216 3732 1262 3787 Sic
1279 3740 1307 3787 et
1322 3729 1469 3786 Nicodcmu
1480 3727 1549 3784 dixit
1563 3746 1571 3783 t
1585 3726 1637 3795 Qui
1649 3726 1729 3781 credit
1742 3726 1769 3780 in
1782 3722 1906 3792 Filiam,

1105 3841 1157 3882 nen
1173 3823 1309 3896 judicetur
1322 3838 1332 3877 .·
1345 3824 1389 3896 psi
1403 3832 1489 3878 auimo
1508 3837 1560 3878 nes
1583 3820 1664 3875 namt
1676 3860 1684 3888 ,
1694 3820 1753 3891 jum
1769 3816 1907 3889 judicatus

1106 3926 1145 3973 est
1155 3913 1238 3987 (leid.
1255 3916 1283 3973 b.
1295 3914 1356 3989 ta).
1370 3914 1417 3973 Sic
1425 3922 1453 3972 et
1463 3914 1516 3971 boe
1526 3914 1588 3971 loco
1601 3921 1629 3969 et
1636 3911 1730 3984 judicii
1741 3920 1771 3967 et
1780 3908 1909 3979 supplicii

1105 4008 1246 4075 meminit,
1265 4006 1345 4063 'unalis
1362 4008 1467 4065 actibus
1486 4006 1619 4078 deputati.
1639 4005 1708 4073 Quia
1727 4002 1802 4059 enim
1820 4014 1908 4071 supra

1105 4100 1221 4164 dixerat,
1236 4095 1287 4169 Qui
1299 4098 1372 4155 audit
1384 4098 1535 4164 necin-men,
1547 4106 1571 4153 et
1580 4098 1660 4153 credit
1672 4098 1697 4151 ei
1707 4095 1752 4168 qai
1762 4110 1801 4154 me
1813 4093 1905 4159 ntus,

1106 4211 1158 4252 non
1164 4192 1296 4266 judicatur
1308 4211 1317 4248 .-
1327 4209 1362 4249 oe
1371 4194 1432 4266 quis
1444 4196 1520 4263 putet
1529 4193 1580 4248 boc
1588 4191 1621 4248 ad
1632 4191 1745 4247 salutem
1755 4190 1905 4254 satiasses,

1107 4288 1169 4344 vitae
1181 4287 1314 4343 rationem
1326 4285 1410 4351 addit,
1428 4286 1478 4354 Qui
1491 4285 1558 4340 bena
1571 4292 1684 4356 eperunt,
1699 4283 1727 4337 in
1738 4283 1909 4337 resumemu-

1107 4396 1165 4436 nem
1178 4380 1253 4445 uitem·
1262 4378 1306 4449 qui
1314 4376 1394 4446 mule,
1405 4377 1432 4431 in
1445 4377 1655 4432 resurrectionem
1660 4375 1762 4446 iudicii.
1771 4374 1908 4442 Querulum

1107 4477 1190 4550 igitur
1203 4473 1310 4532 dixerat
1319 4483 1406 4531 totum
1420 4473 1513 4529 orbem
1527 4473 1577 4543 ipsi
1590 4473 1723 4527 rationem
1736 4465 1907 4526 mdditurum

1108 4584 1188 4636 csse,
1206 4577 1235 4626 et
1246 4582 1367 4625 omnesa
1381 4565 1517 4635 voceeJus
1529 4580 1590 4623 esse
1609 4574 1826 4629 resurrecturos,
1845 4579 1908 4620 rem

1109 4672 1182 4719 certe
1204 4676 1321 4728 novam,
1342 4660 1571 4730 inexspectatum,
1594 4665 1622 4715 et
1642 4672 1659 4713 a
1681 4656 1773 4713 multis
1786 4656 1908 4713 urendum

256 4754 403 4812 'willemi
419 4750 488 4807 ΜΗ
500 4750 660 4821 0006001
674 4752 768 4819 illm·
782 4745 837 4802 0¹¹¹
847 4760 912 4817 ergo
928 4742 986 4798 ¹¹³³ss
996 4742 1054 4797 ¹¹⁰·
1110 4754 1261 4822 creditam,
1278 4753 1312 4810 ab
1329 4752 1362 4808 iis
1379 4751 1461 4809 etlam
1479 4752 1525 4823 qui
1545 4752 1692 4807 credidisse
1703 4750 1844 4816 ridentur,
1860 4764 1909 4805 ne·

255 4848 381 4921 quentius
394 4852 495 4912 uersat,
509 4858 607 4915 nempe
617 4840 757 4913 judicium,
771 4840 865 4906 uitam,
879 4835 1054 4893 resurreetio·
1110 4847 1173 4902 dum
1188 4843 1316 4902 aqudaet,
1330 4863 1337 4913 3
1351 4845 1413 4901 puer
1427 4860 1481 4916 quo
1493 4853 1571 4916 paceo
1593 4842 1651 4898 qm
1667 4842 1787 4911 protem
1799 4840 1909 4896 austro.

256 4941 337 4999 libili?
351 4939 483 5009 Qtlttnlillli
497 4937 556 4992 haec
566 4934 681 4991 1112111116
691 4940 753 4989 tutti
763 4944 824 5003 qllae
833 4929 874 4986 bel
888 4928 1056 4985 obstinatum
1110 4952 1170 4993 rum
1186 4936 1333 4993 infirmitati
1346 4951 1375 4992 se
1389 4944 1584 5007 attempepqns,
1595 4920 1641 4991 50
1658 4932 1720 4989 Non
1741 4948 1844 5005 ponam
1861 4939 1910 5006 epo

255 5033 404 5089 auditorem
418 5028 528 5087 0801610
543 5027 655 5099 11088Ῑο1.
669 5024 722 5093 Qui
734 5022 806 5080 ellllll
820 5020 906 5079 Credi!
920 5034 950 5076 ΒΘ
963 5032 1056 5075 resur·
1110 5047 1128 5085 a
1146 5030 1242 5103 medpw
1254 5034 1337 5103 [acm
1350 5028 1497 5101 quidquam,
1513 5028 1586 5085 Sicut
1595 5029 1684 5097 audio,
1696 5027 1797 5099 judico·
1822 5038 1848 5083 ιι
1863 5029 1911 5099 5⁸·

256 5136 391 5182 recturum
404 5136 475 5190 0880,
487 5129 515 5181 Θῑ
527 5120 659 5178 meierum
674 5115 899 5191 poenasdaittrttm
912 5131 920 5182 ;
932 5113 983 5169 elsi
1000 5125 1056 5167 nott
1112 5124 1207 5179 dicium
1222 5137 1306 5177 meum
1321 5122 1422 5192 justum
1435 5130 1492 5188 eet,
1511 5122 1571 5192 quia
1583 5136 1636 5176 mm
1646 5136 1732 5193 pum
1751 5118 1911 5175 voluntatem

256 5216 328 5273 uliud
339 5216 437 5273 videti!
449 5216 567 5287 signum,
583 5212 635 5268 hoe
650 5219 762 5281 3000010
776 5216 899 5265 aecurrei
911 5204 982 5262 haud
1005 5204 1057 5260 du·
1113 5233 1206 5284 meam,
1215 5212 1421 5271 oedpolumatem
1430 5216 1486 5287 ψη
1495 5216 1539 5287 qui
1549 5215 1616 5271 mffu’p
1626 5230 1676 5269 me,
1687 5214 1768 5285 Atqui
1781 5228 1837 5270 ῃοῃ
1849 5228 1911 5286 W·

257 5310 312 5379 bie,
328 5318 357 5365 ut
370 5308 515 5380 1101100110
530 5304 580 5364 ilbi
594 5304 713 5377 iudicem
729 5302 834 5359 reddat.
855 5300 900 5355 2⁷·
916 5300 984 5366 Quin
1005 5296 1056 5352 ἦ·
1113 5325 1176 5366 uum
1190 5308 1245 5380 lam
1267 5307 1379 5364 dederat
1401 5307 1609 5364 resurrectionis
1623 5314 1833 5380 argumentum,
1847 5318 1911 5361 cum

257 5404 307 5460 iius
320 5404 430 5459 bertinis
441 5412 488 5460 est.
500 5400 546 5457 28.
558 5399 637 5456 nolite
648 5398 695 5452 boc
707 5394 840 5450 admirari.
855 5390 1058 5448 PaulusSamo·
1113 5401 1289 5475 paralyticum
1314 5400 1429 5457 sonavit,
1457 5398 1574 5471 ideoque
1593 5414 1648 5456 „011
1667 5410 1730 5457 amp
1741 5399 1776 5457 ὼ
1789 5412 1913 5456 mum.

258 5506 367 5552 salerius
377 5510 430 5551 nott
439 5496 478 5549 Sic
486 5492 564 5564 10ng
577 5490 624 5549 sed
632 5484 867 5562 qlloiltodoffledli
876 5486 898 5540 εἰ
908 5492 1058 5556 polemium
1114 5496 1206 5553 puppe
1217 5493 1344 5566 loquutus
1358 5501 1411 5558 est,
1423 5507 1504 5563 quam
1517 5492 1570 5548 hoc
1580 5493 1701 5560 fecisset,
1712 5490 1784 5564 quod
1794 5506 1810 5547 ῃ
1822 5504 1911 5548 mur.

255 5592 385 5663 iudcium
407 5590 506 5660 soene,
521 5588 581 5660 quia
595 5583 681 5640 Filius
695 5582 805 5639 beminis
819 5589 864 5636 est.
884 5578 984 5635 Verum
1006 5576 1060 5633 hoc
1115 5588 1238 5645 rectione
1251 5602 1305 5643 non
1318 5586 1434 5642 multum
1445 5586 1537 5641 obem
1548 5604 1556 5642 ς
1568 5584 1700 5657 judicium
1712 5600 1777 5642 vero
1792 5593 1911 5657 posteo.

260 5685 297 5740 ita
317 5686 415 5740 berum
429 5682 528 5737 nullum
548 5680 628 5737 babet
640 5676 892 5755 consequutionem.
906 5672 968 5733 Noti
984 5672 1060 5733 euim
1115 5691 1205 5737 rarum
1215 5693 1315 5751 corpus
1329 5675 1511 5735 subindicavit
1522 5676 1564 5733 bis
1578 5678 1691 5735 uerbis:
1706 5664 1860 5734 Eccesnnus
1867 5678 1917 5749 [aa

294 5791 663 5860 *obtinuatztnsussuom
683 5787 926 5861 commeate.
1099 5776 1295 5849 ,mansium
1310 5764 1664 5856 nulipeccuse,'nedeterius
1681 5770 1911 5842 tibiminuidcon·
