4084 6350
152 361 201 424 ιιι
571 365 574 370 “
630 357 841 438 msoanusu
858 353 976 422 nomn.
995 354 1108 420 xxxv.
1127 359 1164 419 n.
1183 357 1305 420 mxu.
1740 319 1798 434 'rer

149 487 235 534 tamen
248 475 319 534 nibil
336 489 431 546 curas:
445 491 538 537 ocuos
552 486 640 537 aulem
655 479 794 538 bominum
808 477 945 537 lormidas.
1002 477 1075 535 enirn
1086 478 1166 550 longe
1179 493 1194 533 a
1209 486 1441 538 consummatione
1456 467 1587 539 absumus
1600 481 1651 556 (r),
1661 483 1711 543 ted
1722 487 1755 542 ad
1769 487 1800 544 lr-

148 567 234 637 (logita
260 583 329 640 erpo
353 577 381 626 te
395 586 450 628 non
465 570 589 628 bomincs
605 572 943 644 latereposseiudieillo.
1001 586 1063 628 nem
1078 571 1133 642 jam
1156 572 1274 629 mundns
1297 575 1394 646 rerpit.
1423 574 1480 632 lloo
1503 579 1680 646 praenuntiant
1705 580 1798 652 bella,

148 659 328 717 llmniaenim
343 663 419 734 quusi
433 663 459 720 in
482 664 596 737 imagine
612 676 674 722 tunc
687 665 797 724 stabunt
807 677 870 722 ante
882 679 946 722 ecu-
999 678 1138 729 aerumnae,
1162 673 1241 721 tcrrae
1254 677 1353 730 motus,
1371 665 1423 723 boc
1441 669 1573 724 exstincta
1594 673 1702 728 caritas.
1724 672 1801 730 Sicrm

148 752 185 808 los
198 765 321 824 nostros,
344 764 376 813 ut
392 760 573 832 unusquisque
591 767 685 816 contra
706 773 737 816 se
750 757 820 817 ierat
837 765 946 814 muten-
998 747 1074 811 'eoim
1086 769 1185 828 corpus
1203 758 1344 829 exspirans
1358 769 1386 814 et
1399 759 1479 814 morti
1493 761 1644 832 proximum
1660 765 1734 821 mille
1748 766 1800 821 do·

150 845 370 919 tiam3quod'ex
384 849 466 908 divite
486 852 574 924 palam
597 860 648 910 est.
670 851 775 910 Etenim
798 864 945 924 pauperem
999 847 1103 936 loribus
1122 848 1249 920 allicitur,
1273 860 1300 907 et
1321 851 1424 908 ruitura
1443 853 1540 910 domus
1556 857 1639 914 multa
1660 860 1801 929 praemittit
1920 873 1923 881 ·

151 937 226 996 illum
246 955 327 1011 prem
354 943 525 1016 despexerat,
549 945 680 1003 bacarum
702 945 773 1014 dico,
795 944 831 1002 ub
853 943 945 1002 ocules
998 955 1059 1012 quse
1073 948 1229 998 exlectoet
1242 959 1275 999 ex
1295 944 1444 1015 parictibus
1455 946 1583 1007 decidunt
1595 969 1603 1004 ε
1616 951 1656 1006 sic
1669 967 1799 1008 consum-

154 1041 258 1088 stantem
270 1031 351 1090 dives
364 1034 441 1102 vidit,
456 1046 484 1094 ct
505 1052 585 1108 quem
600 1053 662 1096 cum
675 1037 788 1096 bonore
805 1035 944 1108 depulerat
997 1034 1083 1091 matio
1095 1035 1169 1092 orbis
1178 1036 1234 1107 jans
1248 1053 1331 1110 prope
1343 1048 1370 1096 et
1386 1055 1435 1110 pro
1452 1041 1556 1100 loribus
1568 1052 1612 1100 est
1625 1061 1633 1100 r
1651 1045 1713 1102 ideo
1728 1047 1800 1104 risela

155 1123 255 1194 digitum
266 1125 326 1196 jem
341 1138 419 1199 rogat
431 1129 483 1186 sibi
499 1129 595 1186 solatio
614 1145 684 1187 esse.
698 1129 775 1202 liupo
789 1129 879 1202 igitur,
892 1125 944 1184 etsi
997 1127 1117 1200 undique
1127 1129 1215 1200 ipsum
1227 1129 1365 1188 inuadunt.
1382 1131 1449 1191 Nam
1459 1136 1482 1191 si
1498 1144 1561 1192 tunc
1570 1137 1702 1195 Dominus
1714 1155 1801 1210 prope

150 1230 222 1271 nemu
243 1229 342 1275 nostra
366 1218 467 1289 rideat,
487 1221 584 1294 singuli
609 1222 732 1279 insuam
751 1220 944 1280 conscientiam
997 1229 1067 1290 erat,
1082 1222 1265 1296 multomagis
1286 1240 1359 1281 nunc
1370 1241 1455 1298 prope
1470 1236 1523 1284 cst.
1540 1228 1569 1286 Si
1592 1239 1656 1287 ante
1669 1233 1801 1304 quadrin-

147 1307 341 1379 inprediantur,
363 1319 391 1368 et
408 1311 527 1384 judicem
546 1313 597 1371 sibi
616 1313 748 1372 rationem
767 1313 942 1378 constituant,
995 1316 1116 1386 pentos¹
1135 1331 1223 1374 annos
1248 1333 1309 1375 cum
1329 1317 1388 1376 bec
1411 1319 1583 1391 dicerentur,
1605 1333 1711 1396 tempus
1731 1325 1800 1384 illud

146 1407 249 1469 peecata
264 1400 529 1477 inmediumapant.
544 1405 577 1461 Et
591 1405 642 1463 nisi
658 1406 743 1463 uelint
758 1421 790 1464 ea
804 1404 943 1462 indieilla
996 1407 1190 1479 plenitudinem
1212 1420 1364 1483 temporum
1379 1413 1479 1470 Paulus
1498 1416 1624 1484 vocabat,
1639 1414 1726 1474 multo
1738 1433 1800 1475 ma·
1838 1409 1842 1416 ’

145 1490 252 1546 terribili
275 1493 453 1566 promulgari,
475 1497 641 1568 penitentie
662 1497 781 1556 remedia
795 1505 941 1571 apponant,
995 1498 1038 1570 ris
1050 1514 1170 1571 presens
1186 1510 1291 1575 tempus
1311 1503 1349 1560 ita
1363 1505 1527 1568 vocandum.
1546 1509 1581 1564 bt
1594 1507 1718 1567 iortassis
1737 1510 1800 1570 ideo

143 1585 304 1642 acrulnera
325 1598 432 1646 sanem.
445 1589 538 1648 Potest
553 1593 637 1659 enirn,
653 1600 742 1664 potest
754 1591 877 1665 quisque,
890 1591 942 1648 etsi
996 1594 1104 1664 quidam
1117 1611 1171 1652 nun
1192 1596 1316 1654 credunt.
1335 1599 1416 1670 Atqui
1438 1599 1499 1658 ideo
1517 1600 1603 1674 magis
1615 1602 1797 1661 credendum.

143 1674 213 1732 mille
232 1677 321 1759 plagis
331 1688 455 1750 onustus,
467 1697 549 1740 mnus
563 1684 648 1742 abire.
659 1684 726 1741 llam
740 1685 771 1741 st
783 1685 940 1753 dimiseritis,
995 1683 1074 1742 llndc
1086 1687 1167 1753 nosti,
1181 1689 1218 1744 mi
1229 1691 1321 1758 bomo,
1334 1689 1415 1748 linem
1429 1700 1457 1748 et
1470 1707 1551 1764 supra
1563 1692 1636 1750 dicta
1647 1707 1702 1750 non
1711 1709 1800 1768 prope

142 1765 233 1837 inquit,
245 1780 355 1840 moute
364 1772 522 1830 diruerentur
531 1774 616 1842 rote,-
627 1776 650 1832 ri
661 1792 713 1832 non
722 1776 877 1842 dimiscritis,
889 1792 941 1832 non
995 1780 1077 1838 esse?
1089 1780 1170 1838 Certe
1184 1792 1215 1838 ιιι
1226 1784 1290 1840 anni
1304 1784 1386 1842 llnem
1400 1801 1455 1842 oon
1464 1785 1536 1844 diem
1546 1789 1670 1845 ultimum
1683 1790 1800 1846 dicimos

142 1857 420 1934 limittatur'fflmtlr.
434 1864 462 1922 6.
475 1865 520 1924 ll.
532 1867 592 1940 15).
994 1885 1066 1938 csse,
1080 1873 1128 1930 sed
1143 1874 1224 1932 etiam
1238 1875 1362 1934 ultimum
1385 1891 1518 1946 mensem,
1537 1890 1566 1936 et
1579 1879 1603 1936 si
1617 1880 1726 1951 uiginta
1740 1881 1798 1938 die-

172 1948 335 2009 cerumar
347 1972 407 2013 rere
418 1975 485 2030 pse.
499 1957 730 2028 Quemadmodum
742 1961 769 2018 in
780 1955 945 2034 baptismate
994 1979 1055 2019 rum
1070 1965 1127 2022 sit:
1143 1966 1179 2022 ita
1193 1967 1217 2022 si
1233 1977 1271 2024 tot
1282 1984 1415 2027 annorum
1430 1971 1724 2044 quadringentesimum
1735 1988 1799 2033 esse

139 2041 226 2101 abluta
237 2055 353 2117 peeeata
363 2063 417 2106 nen
429 2050 545 2122 amplius
558 2061 710 2124 apparent:
728 2053 765 2110 ita
777 2063 805 2110 et
818 2052 877 2110 baec
888 2052 938 2110 de·
993 2053 1076 2112 linem
1089 2056 1247 2128 dixerimus,
1263 2074 1319 2118 non
1332 2060 1529 2120 aberrabimus.
1552 2061 1645 2134 ltaque
1660 2065 1717 2135 iam
1732 2072 1799 2122 tuuc

139 2135 276 2208 labantur,
290 2141 314 2198 si
326 2141 512 2214 penitentiam
530 2160 650 2217 agamus.
672 2145 702 2202 lu
715 2143 768 2202 lroe
783 2154 872 2202 autem
882 2159 940 2217 pue·
992 2147 1040 2206 ille
1050 2149 1130 2208 luem
1143 2153 1344 2223 praenuntiavit.
1356 2153 1538 2214 Goerceemus
1549 2157 1630 2229 igitur
1639 2173 1690 2215 nos
1701 2159 1775 2230 ipsos
1786 2155 1808 2212 :¹

138 2231 251 2288 nitentia
271 2233 324 2290 sita
336 2238 440 2303 est,'ne
452 2237 548 2294 eadem
566 2239 624 2312 ipsa
638 2245 797 2310 patrentur:
812 2237 882 2295 llam
895 2239 940 2312 pai
993 2240 1117 2298 laetemur
1128 2241 1156 2298 in
1177 2242 1273 2301 timore
1295 2243 1353 2301 bet.
1379 2246 1486 2304 Etenim
1508 2247 1587 2304 nobis
1606 2264 1666 2307 cum
1687 2249 1798 2319 lieentia

137 2322 171 2377 ad
180 2333 288 2394 peteme
300 2327 444 2394 revertitur,
457 2329 549 2386 mutilis
561 2340 597 2386 ert
609 2332 668 2386 cani
681 2332 716 2387 erl
732 2317 853 2388 maritum
865 2347 940 2388 suern
992 2333 1175 2404 versantibus,
1188 2350 1242 2392 uon
1256 2336 1336 2394 valde
1354 2339 1522 2408 curantibus,
1538 2355 1592 2397 non
1612 2327 1806 2413 exspectanti-'

136 2413 254 2472 reducti
265 2415 378 2490 (met.
388 2419 529 2493 bilai)
540 2439 548 2490 ;
561 2422 601 2496 (o)
615 2421 731 2498 [necnec
743 2425 769 2482 ei
782 2425 829 2498 qui
840 2440 939 2484 secuu-
992 2424 1055 2493 bus,
1071 2436 1183 2498 repente
1203 2428 1291 2486 aderit
1308 2431 1358 2488 bei
1379 2432 1512 2491 adrentus
1525 2451 1532 2488 ε
1547 2433 1619 2506 qued
1641 2435 1799 2508 sipntucenr

137 2503 199 2562 dura
213 2509 390 2580 proverbium
404 2513 493 2587 ignem
508 2515 645 2588 verberat,
660 2525 689 2575 et
700 2518 729 2575 in
742 2527 854 2592 pertuso
866 2519 940 2579 doliu
992 2517 1118 2578 cbristus
1139 2519 1271 2580 dicebat:
1294 2523 1369 2581 siret
1388 2528 1456 2582 eninr
1478 2529 1575 2600 suctum
1602 2539 1638 2584 ert
1656 2531 1685 2584 in
1707 2529 1796 2588 diebus

137 2596 251 2674 haurit]
265 2600 379 2675 Oportet
392 2620 458 2678 erpo
470 2614 498 2663 et
510 2621 540 2665 re
554 2622 581 2665 et
592 2609 707 2666 unimus
717 2609 865 2670 sceleribus
874 2613 939 2670 abs-
993 2609 1063 2680 une,
1077 2622 1101 2668 et
1112 2613 1140 2668 ιἰι
1153 2613 1241 2670 dicbus
1253 2614 1312 2683 bot,
1322 2617 1359 2672 ric
1370 2619 1418 2674 crit
1437 2620 1465 2674 ιἰι
1478 2623 1694 2678 consummatione
1708 2624 1797 2679 seculi

137 2690 236 2762 duem,
251 2703 336 2768 atque
349 2699 483 2755 contraria
497 2702 616 2772 peccatis
631 2703 745 2776 singulis
756 2703 876 2762 remedia
888 2721 938 2776 ep·
993 2703 1071 2776 urjrr
1083 2703 1188 2778 (lintri.
1202 2706 1250 2766 El.
1267 2707 1324 2784 57).
1350 2709 1408 2768 lloc
1431 2723 1460 2770 ct
1480 2713 1580 2771 Paulus
1601 2716 1640 2773 sic
1652 2715 1771 2774 declarat
1786 2735 1795 2776 ι

136 2797 250 2854 ponere.
265 2787 391 2862 Exempli
413 2805 504 2862 causa,
520 2794 643 2866 rapuisti,
657 2805 685 2852 et
700 2811 797 2854 auarus
808 2796 901 2856 iulatil
914 2798 939 2856 Α
992 2793 1058 2852 Cam
1071 2797 1192 2868 murini,
1207 2800 1267 2857 Pae
1278 2813 1302 2858 ct
1312 2805 1446 2872 mutus,
1461 2815 1522 2861 tunc
1535 2809 1683 2881 repentinus
1699 2813 1735 2865 eir
1747 2826 1795 2865 ra·

137 2875 234 2946 rapina
246 2877 361 2946 abstine,
376 2890 403 2938 et
416 2881 595 2958 eleemosyna
609 2886 757 2945 remedium
772 2888 939 2947 uulneriad·
992 2889 1120 2959 perveniet
1142 2891 1277 2961 interitus,
1300 2894 1366 2951 siret
1382 2895 1457 2953 dolor
1480 2899 1508 2953 in
1530 2895 1731 2958 mero‘tatenir
1754 2903 1794 2974 (l.

136 2979 230 3023 more.
243 2967 404 3028 fornicatus
420 2975 468 3030 cs?
482 2975 504 3032 Δ
518 2974 698 3037 fornicatione
710 2979 820 3049 absiste,
835 2989 864 3038 et
879 2981 939 3039 tul·
993 2979 1084 3041 rom.
1098 2985 1125 3042 5.
1142 2983 1182 3061 3).
1197 2987 1268 3057 Quid
1286 2999 1328 3046 est
1341 2988 1425 3048 Dolor
1436 2993 1465 3048 in
1478 3003 1551 3051 rtcra
1564 2995 1679 3051 labentis
1690 2996 1704 3051 l
1714 2995 1811 3076 δεμ,

136 3061 197 3114 ueri
210 3063 363 3121 mtitatem
377 3080 493 3139 appone.
507 3069 609 3128 Fratris
628 3073 667 3130 tui
680 3072 779 3132 isuram
791 3075 874 3134 verbo
888 3076 938 3134 le·
991 3067 1164 3150 praepuantesf
1182 3079 1321 3148 mulieres,
1334 3081 1399 3140 dum
1413 3085 1519 3154 ludunt,
1539 3085 1684 3158 prandent,
1696 3089 1723 3145 in
1736 3087 1795 3145 bal·

137 3151 208 3221 sisti,
224 3153 332 3229 ipsique
344 3159 480 3217 nocuisti?
492 3161 515 3219 Α
528 3163 678 3224 maledictis
693 3168 809 3238 abstine,
825 3179 852 3228 et
866 3173 953 3248 ceri·¹
991 3185 1056 3240 neo,
1071 3173 1101 3229 io
1113 3170 1172 3229 iore
1182 3184 1255 3243 sunt,
1272 3176 1306 3234 de
1325 3176 1416 3236 luturo
1436 3180 1504 3238 nibil
1517 3184 1677 3254 cogitantes,
1692 3185 1806 3258 repen-⁵

138 3244 202 3300 tatis
222 3249 372 3308 remedium
396 3251 512 3327 app'one.
541 3254 578 3313 lta
601 3273 650 3331 per
671 3258 775 3333 singula
796 3261 937 3335 iaciamus,
991 3262 1056 3319 tinle
1068 3264 1231 3322 invaduntur
1244 3266 1395 3326 doloribus.
1410 3268 1480 3328 cun
1492 3286 1558 3345 erpo
1567 3274 1689 3344 ejnsdem
1702 3274 1796 3333 mnili-

140 3352 226 3410 aeque
250 3354 359 3413 peccata
380 3354 604 3410 transcurramus.
625 3352 692 3411 Nam
715 3355 797 3413 instat
817 3358 936 3429 demum,
991 3347 1241 3416 tionisresoostrae
1254 3361 1796 3438 sint,simusscmperparati.llonenim

141 3432 306 3495 instatcerte
326 3438 437 3497 rationis
459 3443 603 3503 reddenuae
624 3456 741 3519 tempus.
760 3449 824 3509 ideo
837 3450 938 3511 Paulus
991 3461 1100 3519 semper
1111 3447 1171 3507 brec
1184 3450 1336 3518 audiemus,
1352 3470 1408 3511 nou
1421 3471 1530 3528 semper
1546 3456 1618 3516 banc
1630 3453 1810 3532 potestatem
1854 3517 1861 3531 ,

140 3524 275 3584 dicebat:
302 3528 428 3589 Dondnus
452 3552 533 3608 prope
555 3547 621 3603 eutr
653 3539 718 3596 riuti
748 3539 851 3597 solliciti
881 3525 952 3601 ritir'
991 3529 1159 3598 babebimus.
1184 3541 1219 3598 ln
1239 3541 1360 3618 inferno,
1379 3548 1476 3621 iuquit,
1497 3552 1554 3623 pair
1574 3552 1795 3623 corrfitebitsrtiii

142 3615 266 3693 (Philipp.
282 3621 473 3697 testeos
495 3628 573 3686 nubis
594 3629 664 3689 lorte
683 3622 942 3694 contradicendum
991 3630 1080 3706 (Prot
1094 3634 1121 3690 u.
1143 3634 1197 3713 βυ
1220 3636 1270 3693 lllc
1289 3638 1380 3711 itaque
1404 3640 1591 3720 penitentiam
1616 3660 1739 3719 mamus,
1763 3655 1795 3708 ut

142 3718 193 3778 eut,
207 3710 334 3771 Dominus
348 3731 434 3789 prope
446 3728 499 3786 est,
515 3719 622 3779 solliciti
639 3733 735 3783 estote.
759 3726 799 3783 tttt
817 3744 935 3803 namque
990 3724 1031 3782 sic
1056 3726 1140 3784 ileum
1161 3729 1305 3801 propitium
1329 3732 1488 3803 babeamus,
1504 3750 1536 3793 ac
1557 3738 1665 3807 plenam
1677 3738 1805 3801 delictoe'

143 3812 203 3863 tunc
222 3810 333 3881 pulcbre
344 3814 499 3888 audiebant,
524 3816 600 3876 llilril
617 3824 720 3880 solliciti
745 3826 812 3897 ritis,
838 3830 883 3901 qui
906 3808 953 3905 ini
989 3832 1051 3873 ΝΜ
1076 3820 1181 3877 Velim
1207 3837 1405 3896 consequamur
1431 3843 1438 3880 ²
1464 3842 1545 3899 (llmn
1571 3831 1673 3887 ”iim
1696 3827 1802 3893 ΟΜΝ

144 3904 276 3973 summme,
291 3904 440 3979 laboribus,
453 3914 646 3975 certaminibus
660 3916 802 3990 degebant.
824 3921 874 3990 Qui
884 3938 933 3981 au·
989 3911 1174 3983 imbellem&
1188 3917 1274 3986 Erilli·
1290 3925 1318 3974 θῑ
1330 3917 1496 3992 bessissssilile
1511 3922 1618 3980 ὓθωῑῦῐ
1628 3926 1714 3984 ῠθῦῑῐῑ
1726 3926 1795 3989 Ῑθςῠ

143 4000 193 4049 tem
206 3998 232 4053 in
253 4000 355 4073 rapinis
375 4012 528 4077 versantur,
552 4006 579 4064 in
600 4011 747 4083 voluptate,
771 4017 816 4083 qui
837 4030 954 4087 granea,
989 4001 1102 4075 Chfsslb
1121 4007 1261 4081 emptoria
1276 4021 1305 4068 θῑ
1317 4011 1459 4084 imperium
1472 4016 1608 4077 immi*
1617 4021 1790 4081 militium·

144 4085 264 4147 reddituri
284 4102 348 4150 suut
374 4096 502 4166 rationes‘,
525 4114 578 4156 uon
600 4100 663 4171 boc,
688 4102 736 4159 scd
756 4104 821 4161 illud
835 4108 933 4165 merito
990 4099 1089 4156 Amen·
1466 4112 1470 4117 ’
1807 4156 1816 4215 ι

144 4178 276 4251 audierint,
291 4182 422 4245 Dominus
440 4188 525 4261 prbp'e
539 4200 599 4249 est:
620 4192 730 4251 solliciti
748 4204 846 4255 estote.
870 4197 930 4256 llon

950 4346 953 4361 ·
1020 4326 1030 4357 ¹
1046 4321 1117 4376 sarll.
1137 4327 1228 4390 babet,
1243 4336 1375 4396 ιιιεαιιιιι,
1388 4326 1415 4385 et
1430 4334 1731 4405 eriminatorum
1741 4341 1787 4395 ba·
1809 4370 1821 4385 ··

144 4392 930 4509 grlffiwmummnmmesnnusnuenunmn
985 4384 1519 4526 &mmmm
1530 4464 1674 4517 mm
1691 4470 1786 4519 mund,
1810 4467 1814 4477 .

142 4608 1814 4709 ·····-·---—---·-----...‘

691 4706 702 4741 ι

771 4722 956 4835 rourum]
974 4697 1131 4808 xxxv(

137 4852 177 4909 ld.
192 4854 255 4913 Esar
271 4862 399 4921 reniteret
417 4880 477 4938 erpo
489 4866 524 4925 orl
538 4869 611 4957 illum
630 4872 808 4947 Smnmitcni,
823 4896 928 4956 ropme·
950 4867 961 4886 ”
988 4906 1034 4945 na.
1047 4889 1134 4949 iudei
1149 4909 1215 4969 erpo
1227 4912 1289 4955 cum
1304 4902 1436 4975 majorem
1450 4922 1532 4980 quam
1553 4911 1717 4971 Samaritani
1735 4927 1786 4970 co-

166 4956 379 5013 rsnteeraetllr'
388 4970 511 5017 ιιιιιιιιιιι.
523 4962 558 5018 Et
570 4968 663 5023 munet
674 4968 863 5031 iiidrrordier.
879 4978 925 5038 tt.
951 5015 953 5023 ›
985 4984 1134 5055 putamen
1155 4990 1302 5062 baberent,
1327 5005 1356 5055 et
1377 5015 1440 5058 cum
1461 5005 1604 5078 propbetis
1622 5006 1730 5065 educati
1743 5024 1788 5067 as·
1817 4992 1836 5039 f

166 5040 200 5098 Et
214 5049 293 5104 multo
307 5050 394 5121 plures
407 5054 568 5113 crediderunt
579 5057 607 5115 in
625 5078 684 5117 curri
705 5076 814 5137 prepter-
829 5085 928 5128 smnio·
984 5086 1066 5146 seut,
1081 5078 1136 5136 illis
1151 5090 1241 5141 tamen
1256 5086 1320 5145 binc
1331 5090 1475 5151 inleriores
1486 5094 1605 5154 luerunt.
1620 5098 1787 5159 Samaritani
1812 5099 1831 5129 ‘⁴

163 5142 310 5213 nemrim
324 5144 370 5203 is.
385 5156 410 5201 et
429 5148 531 5205 mulieri
547 5152 663 5210 dietant
686 5158 783 5227 :Quin
797 5162 855 5233 jum
875 5182 927 5223 nor
984 5170 1142 5231 testimonio
1160 5176 1281 5236 mulieris
1308 5180 1389 5241 tidem
1414 5185 1552 5257 babuere,
1578 5189 1705 5263 nulloque
1725 5192 1787 5251 uiso
1830 5204 1833 5226 ²

162 5243 343 5305 proptertsrnr
357 5238 619 5309 lanceariorum·
631 5248 927 5319 :iprirnimoudioimur
951 5298 954 5307 .
983 5260 1063 5333 siguo
1076 5271 1308 5341 cxsuutropaturi
1326 5273 1463 5335 Christum
1478 5290 1509 5335 ut
1530 5293 1623 5337 secum
1643 5296 1786 5355 maneret;

159 5332 186 5379 et
198 5325 302 5395 ιιὶιιιιιι,
313 5330 374 5399 omn
385 5330 428 5387 luia
441 5343 478 5391 est
489 5350 552 5419 perc
564 5336 685 5397 suuntur
698 5346 789 5403 mundi
797 5346 924 5411 b'lrrimur.
949 5390 955 5401 .
983 5350 1072 5411 ludaei
1084 5370 1170 5427 vero,
1188 5360 1271 5417 stiam
1284 5363 1350 5421 risis
1372 5368 1532 5437 miraculis,
1555 5386 1610 5428 non
1629 5373 1711 5433 modo
1730 5393 1787 5436 nou
1826 5403 1836 5421 r

158 5413 206 5471 lb.
221 5416 388 5491 Euportdirr
398 5424 463 5485 daur
473 5431 578 5487 mersit
593 5432 671 5505 iude,
686 5444 710 5493 rt
723 5436 784 5494 ulriit
804 5440 832 5497 irr
851 5440 924 5499 Gali·
982 5441 1059 5502 illum
1070 5447 1141 5519 apud
1154 5452 1383 5526 scretiuuerunt,
1396 5458 1446 5516 sed
1457 5460 1540 5517 οιίιιιι
1561 5462 1650 5535 ipsum
1671 5469 1785 5540 expule-

157 5508 245 5565 terra
951 5565 954 5577 ·
981 5550 1063 5607 runt,
1077 5539 1197 5615 nibilque
1211 5560 1266 5603 non
1280 5556 1396 5620 egmnus
1409 5559 1439 5607 ut
1459 5552 1551 5623 ipsum
1565 5570 1582 5613 e
1602 5558 1715 5631 regione
1734 5576 1785 5618 sua
1812 5562 1816 5569 '

158 5600 835 5707 lmirrnrritrrorsnrlsrterrrnqrrrrpnctruran
843 5646 925 5701 open·
985 5631 1166 5693 eliminarent.
1181 5638 1293 5698 Etiamsi
1306 5642 1415 5700 illorum
1439 5648 1683 5723 praeuenisset,
1707 5654 1785 5713 illum

122 5692 148 5747 dr
160 5704 273 5755 ιιιιιιιιι
284 5716 465 5775 comparantur
479 5710 637 5771 :immolar
649 5722 757 5788 prirrer,
766 5722 923 5795 redurpasn·
979 5724 1159 5787 nibilominus
1173 5732 1332 5803 ejecerunt3
1345 5736 1375 5794 bi
1388 5749 1483 5797 conum
1497 5752 1527 5799 ut
1540 5746 1611 5817 apud
1619 5762 1650 5806 se
1661 5760 1785 5810 maneret

125 5793 166 5839 ιιιι
179 5782 279 5887 iudei.
293 5789 365 5853 ilibil
378 5796 519 5859 inuidiaet
533 5804 617 5863 livore
639 5810 732 5881 peius,
756 5810 824 5867 nibil
848 5813 922 5871 inani
978 5823 1120 5889 rorarunt.
1134 5820 1204 5879 llum
1219 5840 1285 5897 erpo
1298 5828 1334 5883 ad
1356 5828 1406 5888 bos
1427 5845 1555 5907 rogantes
1575 5854 1630 5896 non
1649 5842 1786 5901 acceden-

122 5874 206 5947 glorta
220 5878 340 5945 deterius
353 5904 360 5943 τ
374 5888 433 5948 bec
446 5891 587 5954 innumera
600 5914 775 5976 corrrumpere
788 5904 857 5962 solet
870 5906 920 5963 bo-
978 5906 1044 5966 dum
1058 5911 1124 5981 luit,
1139 5914 1187 5973 scd
1202 5916 1273 5987 illis,
1287 5920 1334 5991 nui
1346 5921 1398 5982 sibi
1411 5924 1481 5985 bene
1503 5928 1597 5988 allecti
1618 5945 1713 6006 eraut,
1735 5954 1783 5995 re·

222 5970 244 6035 S
277 5974 370 6043 loun.
393 5981 572 6051 Guarsosr.
595 5990 681 6055 Vlll.
937 6070 954 6087 ..
1477 6020 1589 6102 ‘Septi
