4084 6350
166 323 186 382 s
421 278 424 293 *
463 291 466 294 ’
888 313 1079 372 onerario.
1660 305 1666 316 '
1762 317 1795 372 io

168 433 201 494 in
224 430 368 495 secunda
390 447 468 494 vero
487 431 695 492 externorum
719 429 983 522 pbilosophorum
1011 423 1227 504 primipilares
1246 422 1440 502 exagitasset
1463 440 1470 480 ε
1496 422 1529 482 iii
1552 424 1647 514 tertia
1665 424 1795 519 denium

166 511 225 572 col.
240 511 296 584 39,
318 512 518 588 propositum
532 525 627 569 snum
643 513 745 585 aperit
759 507 808 568 bis
822 507 929 568 verbis
946 525 953 564 ε
970 506 1103 583 Tempsa
1116 510 1218 562 aetem
1231 509 1274 560 eit
1287 509 1323 591 itt
1340 500 1382 561 ad
1397 518 1462 561 rem
1469 510 1668 580 propomam
1680 522 1797 597 oeeia7

165 605 249 656 nias.
263 607 302 650 vie
315 606 371 651 aar
381 587 493 668 defessi
516 587 580 648 hae
595 585 770 652 certamino,
782 585 910 646 adeatis.
927 584 1103 647 Certamioo
1117 580 1231 672 quippe
1246 577 1501 670 nobisprostaiit
1521 588 1635 641 contra
1651 591 1795 672 eeritatis

165 665 281 736 hostass
294 673 409 728 contra
424 665 541 744 eosqui
550 663 630 726 nihil
644 681 708 724 aaa
721 661 956 729 machinantur,
967 670 1004 722 ot
1013 661 1097 722 Filii
1111 661 1168 719 Det
1179 657 1321 737 pieriam,
1338 674 1398 718 ima
1406 665 1515 736 potius
1527 659 1794 750 saamdepiaiaat:

165 745 220 806 ilfa
233 746 347 824 quippe
360 761 478 822 semper
493 749 592 804 manet
607 749 643 802 iit
657 750 717 808 est,
735 746 795 804 eto.
813 742 872 802 Ubi
885 739 972 802 vides
988 739 1079 802 illum
1093 736 1256 800 auditores
1267 753 1344 796 suos
1357 735 1397 814 ad
1412 740 1590 800 certamina
1604 744 1718 802 contra
1731 741 1796 804 hie·

74 797 82 819 ⁸
164 823 279 884 reticos
292 821 440 886 adeunda
450 820 742 898 acuere,ipsisque
756 835 846 882 arma
860 819 1056 880 ministrare.
1072 814 1154 877 lllnd
1168 811 1356 876 autem'fore
1366 815 1520 906 observes
1536 833 1595 894 per
1606 820 1710 878 totuin
1725 819 1797 882 llo-
1852 875 1856 881 .

163 900 324 964 miliarum
338 900 371 960 iii
383 901 540 961 loannem
553 897 740 968 decursum,
758 899 791 958 iii
807 896 1015 958 concionibus
1034 895 1149 957 saltem
1163 893 1246 962 iltis,
1262 892 1427 971 Evangelii
1437 893 1507 954 loca
1521 895 1795 972 explanantibus,

164 995 235 1054 que
257 979 309 1040 rel
328 977 492 1040 Christum
515 978 599 1039 Patri
618 976 773 1054 aequalem
799 981 829 1038 et
856 973 1165 1038 consubstantialem
1190 972 1345 1048 probarit,
1362 970 1411 1030 rel
1434 972 1476 1032 ab
1504 971 1660 1052 haereticis
1681 982 1795 1042 contra

164 1055 251 1117 illam
268 1056 633 1120 consubstantialitatem
655 1060 688 1117 et
705 1054 921 1133 equalitatem
942 1052 1066 1114 detorta
1077 1050 1331 1141 usurpabantur.
1351 1048 1401 1110 lili
1415 1048 1535 1140 quippe
1547 1051 1701 1126 haretici,
1716 1057 1796 1134 quia

163 1150 204 1194 ex
216 1135 352 1196 hannis
367 1135 473 1196 verbis
488 1132 686 1198 validissime
700 1133 808 1211 impeti
824 1132 987 1202 solebant,
1003 1148 1045 1192 ex
1059 1127 1203 1208 ejusdem
1217 1132 1250 1187 et
1262 1145 1272 1186 i
1296 1145 1340 1188 sis
1353 1127 1460 1219 verbis
1474 1132 1667 1193 sententiam
1681 1138 1713 1194 et
1727 1136 1795 1195 im·
1855 1197 1861 1207 ,

162 1209 312 1288 pietatem
327 1229 419 1276 suani
439 1214 522 1274 tueri
540 1212 752 1274 conabantur.
767 1211 851 1286 Quia
870 1227 947 1272 vero
963 1216 1041 1270 tunc
1052 1206 1190 1270 heretici
1205 1203 1251 1265 illi
1267 1145 1446 1297 gothol-icis.
1453 1206 1586 1269 admixti
1598 1227 1716 1291 magno
1734 1233 1801 1286 nu·,

162 1305 250 1351 mero
262 1296 372 1364 erant,
386 1290 637 1369 frequenterque
653 1306 727 1350 cum
747 1290 850 1350 obviis
868 1305 910 1350 ex
923 1287 1058 1350 loannis
1072 1284 1283 1365 Evangeliste
1295 1285 1399 1346 verbis
1408 1283 1644 1376 disputabant,
1661 1308 1793 1356 necesse

162 1369 298 1506 putavit·
309 1369 556 1510 Cbrgnsotsgomzis
572 1361 1392 1519 ιιᾴἓᾳὶιίἒιὲἔῃῖιὴυιέιέξὲςὲὶιὶιιιίιὲιειιῐὲἓέἳίἰιιιίοηιιι
1405 1369 1593 1441 instituere,
1608 1369 1707 1439 nteit
1724 1371 1794 1451 ipse

161 1461 353 1510 inocoaiii
411 1464 430 1508 a
496 1464 684 1510 cassii
780 1487 822 1503 „
1288 1483 1296 1496 ·
1742 1474 1800 1521 .;

197 1523 229 1584 3.
241 1466 304 1588 seii
318 1543 379 1588 eur
392 1466 597 1588 illucescetite
608 1541 729 1586 aurora
744 1463 802 1586 ntis
816 1523 987 1586 conciones
1008 1520 1138 1592 habuit,
1154 1538 1212 1581 cur
1223 1525 1287 1583 tam
1300 1520 1433 1593 breves,
1450 1538 1509 1582 cur
1523 1525 1678 1588 moralem
1690 1527 1798 1590 disci-¹

159 1600 299 1678 plicam,
323 1620 423 1680 quani
439 1621 513 1666 oum
535 1607 624 1668 tanta
650 1604 796 1664 ubertate
819 1603 852 1662 iii
872 1599 958 1674 aliis,
968 1601 1179 1663 concionibus
1204 1597 1403 1676 frequentat,
1417 1599 1470 1662 bic
1493 1603 1622 1678 parcius
1642 1607 1794 1686 attingit?

159 1678 323 1752 Quantum
336 1698 380 1746 au
403 1699 482 1743 uror
501 1681 702 1760 conjectura,
719 1697 761 1742 ne
777 1685 965 1744 ceterarum
979 1678 1187 1758 homiliarum
1209 1694 1357 1750 cursum,
1371 1695 1454 1756 quas
1466 1680 1597 1743 assidue
1616 1701 1675 1761 per
1690 1690 1793 1747 totum

159 1771 282 1820 anuum
294 1759 379 1820 habe
423 1764 453 1832 t,
468 1764 497 1821 et
512 1761 566 1822 cui
583 1760 761 1822 intererant
770 1757 924 1820 Catholici
942 1773 1054 1818 omnes
1071 1754 1214 1836 cujusvis
1224 1755 1344 1830 ostatis,
1358 1773 1456 1818 sexus
1467 1762 1566 1851 atque
1577 1761 1769 1826 conditionis
1782 1787 1791 1838 ;

160 1851 200 1896 ne
214 1836 306 1910 illas,
320 1839 331 1897 i
379 1853 472 1912 uam,
491 1837 711 1917 interpellaret
731 1857 739 1896 ι
761 1837 857 1900 hasce
872 1840 1028 1914 praeterea
1047 1836 1253 1897 illucescente
1268 1849 1407 1909 aurora,
1422 1852 1487 1896 noii
1502 1855 1655 1907 universo
1669 1845 1792 1920 populo

158 1912 304 1990 dicebat,
323 1933 338 1978 s
396 1917 435 1978 iis
451 1921 578 1978 tantmn
593 1917 669 1978 viris
684 1933 723 1978 ao
739 1916 945 1986 mulieribus,
961 1915 1017 1993 qui
1036 1913 1246 1976 ferventiores
1263 1915 1388 2004 essent,
1410 1913 1533 1993 quique
1552 1915 1683 1997 ingenio
1697 1922 1793 1984 vale-

157 1995 246 2067 rent,
262 1999 458 2073 possentque
480 1997 515 2058 in
535 1995 731 2073 quotidianis
754 2012 826 2056 eum
848 1993 1004 2056 hereticis
1027 1993 1288 2065 velitationibus,
1302 1991 1517 2070 lucifugarnm
1540 2003 1732 2075 argumenta
1748 2019 1791 2062 ex

157 2069 335 2151 Evangelio
354 2073 490 2136 ioannis
514 2077 549 2136 ut
565 2074 740 2152 plurimum
755 2073 869 2151 petita,
895 2072 1116 2152 chrysostomi
1140 2059 1270 2132 monitis
1298 2069 1452 2163 instituti,
1470 2073 1651 2138 confutare.
1673 2077 1791 2142 Sancto

156 2147 255 2227 igitur
266 2149 470 2225 decumani
481 2153 515 2214 in
528 2151 653 2216 dicendi
664 2154 812 2214 ubertate
826 2152 880 2214 vix
895 2168 1006 2230 parem
1021 2151 1053 2212 iii
1068 2151 1219 2212 omnibus
1232 2152 1319 2210 retro
1330 2149 1456 2211 seculis
1471 2150 1711 2231 deprehendas,
1727 2158 1791 2220 don

156 2227 317 2307 praecipuo
337 2231 448 2292 munia
466 2231 705 2294 imcumbebant
720 2248 729 2290 ι
744 2231 901 2309 primum,
918 2235 952 2291 ιιι
968 2233 1070 2290 ιοιιιιιι
1082 2227 1321 2292 Catholicorum
1337 2233 1453 2290 acetum
1472 2237 1588 2295 contra
1602 2233 1680 2297 vitia
1700 2253 1793 2314 que-

155 2321 220 2383 que
233 2305 433 2382 institueret,
446 2309 478 2369 id
515 2309 578 2372 uod
593 2309 648 2371 ille
661 2316 792 2372 strenue
808 2311 1069 2386 exsequebatur,
1084 2308 1161 2370 dum
1176 2308 1361 2385 frequenter
1379 2324 1572 2385 perannum
1591 2329 1630 2374 ac
1643 2314 1692 2376 bis
1707 2333 1793 2394 sepe

155 2383 190 2444 ix
201 2383 313 2448 moen
330 2329 528 2452 bebdomada
543 2389 699 2452 moralem
712 2405 842 2451 omnem
857 2387 1062 2466 disciplinam
1075 2405 1149 2448 cum
1159 2387 1241 2448 mira
1255 2385 1405 2450 facundia
1417 2390 1585 2462 versabat;
1601 2394 1790 2468 secuudum,

154 2467 189 2522 nt
204 2462 389 2528 Catholicae
402 2465 488 2528 inter
501 2467 687 2530 innumeras
703 2467 926 2530 hereticorum
940 2471 1088 2528 catervas
1104 2469 1288 2536 versantes,
1299 2465 1355 2542 qui
1375 2465 1514 2528 heretici
1530 2468 1564 2529 in
1577 2469 1790 2536 familiaribus

154 2540 329 2620 colloquiis
351 2561 465 2606 vera·
476 2545 571 2608 tidem
592 2563 635 2608 ex
651 2546 829 2626 Evangelio
843 2545 983 2607 maxime
995 2544 1130 2606 loannis
1145 2544 1357 2622 impetebant;
1372 2550 1409 2604 iit
1423 2543 1621 2620 Catholicae,
1633 2551 1789 2629 inquam,

153 2618 229 2680 illos
249 2625 361 2686 contra
376 2625 579 2688 adversarios
598 2641 676 2688 suos
690 2626 788 2688 armis
803 2625 988 2686 instrueret.
1003 2623 1086 2698 Quia
1102 2639 1179 2686 vero
1195 2639 1260 2682 non
1275 2637 1388 2685 omnes
1405 2624 1540 2688 omnino
1563 2626 1738 2703 Catholici,
1754 2640 1791 2694 ut

152 2695 313 2772 diximus,
330 2702 391 2762 viri
413 2708 511 2780 atque
523 2703 693 2776 mulieres,
711 2703 857 2784 cuiusvis
869 2702 972 2766 aetatis
986 2708 1085 2779 atque
1099 2700 1309 2774 conditionis,
1325 2701 1365 2764 ad
1378 2702 1465 2794 baua
1477 2708 1708 2782 capessendam
1722 2729 1800 2788 pn„

151 2776 635 2922 restitvisset
650 2780 1792 2944 ”a,vas‘sensibusvesissilesisse-‚stes

149 2931 334 2998 ministrata
349 2937 382 2997 iri
405 2877 750 3018 nereucomn’ctpita
762 2880 989 3018 {ontorquere
1007 2939 1048 3000 lli
1068 2938 1281 3000 ferventiores
1297 2938 1421 3000 ceteris
1434 2943 1570 3003 seorsim
1583 2949 1678 3008 erant
1690 2947 1792 3010 insti-

149 3011 261 3072 tuendi
271 3033 284 3088 ;¹
297 3022 489 3094 argumenta
503 3017 624 3095 quippe
646 3019 768 3096 passim
784 3018 883 3081 allata
908 3016 994 3097 vulgi
1009 3022 1141 3096 captum
1163 3019 1372 3096 superabant.
1392 3018 1481 3111 ilinc·
1493 3038 1568 3084 vero
1583 3023 1796 3095 illucescente,

149 3102 272 3154 aurora
284 3095 557 3168 concionabatur,
571 3097 604 3158 ni
617 3096 731 3171 fallor,
745 3097 833 3176 quod
847 3096 936 3162 aliud
953 3097 1017 3158 diei
1032 3102 1158 3175 tempus
1170 3101 1351 3158 reservaret
1366 3097 1406 3158 ad
1419 3114 1558 3177 majores
1573 3103 1646 3163 illas
1661 3105 1792 3166 concio-

149 3184 228 3241 nes,
244 3171 337 3247 queis
352 3173 393 3235 ad
407 3174 485 3237 vitia
499 3176 736 3253 propulsanda,
751 3182 783 3239 et
795 3177 947 3240 virtutem
961 3192 1089 3237 omnem
1102 3174 1327 3237 inculcandam
1338 3176 1522 3240 uberiorem
1535 3179 1633 3242 dabat
1643 3199 1787 3259 operam.

149 3243 188 3305 ln
203 3250 412 3313 concionibus
428 3257 536 3316 autem
552 3254 718 3317 matutinis
732 3255 934 3333 disciplinam
956 3253 1045 3315 illam
1058 3254 1215 3315 moralem
1227 3252 1357 3331 parcius
1372 3254 1563 3333 attingebat,
1577 3258 1655 3337 quia
1670 3261 1790 3353 praci-

150 3340 236 3401 puus
257 3327 320 3405 ipsi
335 3346 451 3408 scopus
471 3334 542 3394 erat
560 3348 653 3395 arma
667 3334 735 3395 suis
753 3338 865 3395 contra
881 3332 1048 3394 haereticos
1072 3332 1289 3410 suppeditare.
1306 3332 1343 3393 lii
1357 3332 1408 3394 his
1424 3352 1522 3411 porro
1533 3339 1699 3401 matutinis
1711 3359 1789 3403 con·

149 3400 411 3543 ‘ffflspussstiaflff
425 3409 577 3472 mulieres
591 3411 860 3485 admittebantur,
872 3410 946 3549 ‘mati
952 3415 1180 3549 'quiepojsent
1194 3411 1227 3503 in
1239 3410 1648 3554 l{amilialribuslclotloilqniis
1663 3420 1789 3513 oblatas

148 3486 1563 3647 31..stitt⁵bftllttfltttl¹islevasse.l..tlt⁰3s..ttisl¹.t..e⁰¹
1633 3499 1788 3563 ”⁰¹¹¹'⁰“⁸

148 3728 163 3799 1
178 3726 233 3791 111.
246 3730 441 3798 hilarensi
453 3737 511 3816 ‚qeii
525 3738 559 3800 iii
573 3736 656 3799 fiisse
670 3738 872 3801 concionibus
887 3739 1115 3817 impopieaotor
1134 3739 1272 3799 doomai
1288 3747 1387 3799 eram.
1400 3738 1430 3798 2.
1443 3738 1531 3802 liade
1548 3712 1615 3805 orti
1626 3743 1787 3809 Anomoei:

187 3807 651 3969 zigttimkiiriystgx'ggoumpendio
665 3817 810 3899 affertur.
828 3818 858 3877 3.
875 3818 953 3893 Quis
964 3818 1093 3879 iliorum
1108 3826 1210 3877 status
1232 3826 1380 3897 essetque
1396 3826 1531 3898 tempore
1548 3819 1790 3887 iiaacoocioiea·

187 4006 217 4067 1.
231 4006 301 4069 Non
328 4014 375 4072 est
391 4012 493 4077 multa
517 4018 751 4095 perquisitione
765 4036 846 4098 opus
871 4026 902 4082 ut
921 4020 1028 4099 depral
1041 4022 1179 4085 cadatur
1193 4026 1327 4103 quinam
1344 4025 1410 4086 sint
1434 4025 1574 4090 heretici
1595 4029 1657 4102 illi,
1674 4032 1788 4109 quiex

144 4082 281 4147 loannis
302 4088 514 4169 Evangelistee
533 4093 624 4157 dictis
644 4097 707 4160 tela
734 4100 967 4163 mutuabantur
983 4106 1018 4163 ιιι
1030 4102 1212 4164 Catholicae
1233 4104 1439 4182 impeterent,
1453 4106 1550 4168 etiam
1565 4108 1598 4168 iii
1614 4108 1788 4174 familiari-

146 4161 390 4255 buscolloquiis
414 4172 495 4249 :qui
514 4190 632 4253 magno
648 4192 783 4237 numero
806 4196 879 4240 cum
896 4184 1005 4241 essent
1028 4185 1147 4243 etcum
1171 4183 1383 4262 popularibus
1406 4182 1558 4259 admixti,
1579 4189 1787 4264 quotidianas

145 4244 332 4332 excitabant
349 4247 568 4327 volitationes;
585 4250 629 4315 ita
651 4259 687 4315 ut
702 4260 832 4318 sanctus
849 4256 976 4334 doctor,
1000 4263 1033 4320 et
1046 4274 1135 4323 sanie
1148 4260 1317 4334 doctrine,
1332 4265 1362 4322 et
1382 4261 1567 4325 auditorum
1591 4265 1688 4329 saluti
1703 4288 1787 4347 pro-

148 4319 300 4414 spiciens,
315 4328 566 4403 cogereturillos
581 4331 750 4395 instituere
765 4333 803 4395 ad
818 4334 887 4413 ipsa
903 4337 966 4400 tela
979 4338 1013 4399 in
1028 4343 1125 4415 caput
1138 4339 1362 4402 hoereticorum
1375 4343 1631 4420 contorquendo.
1646 4346 1686 4408 lli
1701 4356 1787 4413 certe

144 4394 285 4461 heretici
297 4443 305 4472 ,
319 4403 465 4467 ilnomoei
481 4412 571 4483 sunt,
612 4412 782 4473 uibuscum
799 4414 920 4477 tamdiu
933 4417 1133 4479 concertavit
1142 4417 1411 4498 Chrysostomus,
1427 4421 1605 4499 etquidem
1625 4428 1692 4487 toto
1707 4434 1786 4491 teni·

145 4490 225 4567 pore
239 4494 306 4555 qao
328 4483 575 4549 concionandio
612 4490 662 4551 cio
689 4490 894 4568 iunctusest,
920 4494 988 4557 sive
1015 4495 1192 4558 Antiochiae
1207 4499 1393 4589 presbyter,
1421 4499 1490 4561 sive
1502 4499 1784 4586 Constantinopoli

144 4568 514 4654 episcopuscumoesset.
531 4566 708 4630 Antiochia
720 4575 806 4633 certe
821 4588 908 4633 anno
920 4573 1025 4650 primo
1037 4590 1104 4651 quo
1118 4575 1212 4652 caepit
1223 4576 1429 4652 concionari,
1441 4584 1604 4643 certamen
1620 4583 1693 4646 iniit
1708 4604 1786 4649 cori·

142 4636 194 4695 tra
218 4633 386 4701 hereticos
413 4646 490 4703 istos
506 4644 627 4721 passim
649 4665 723 4709 cuni
750 4647 921 4713 Catholicis
950 4652 1173 4725 intermixtos,
1191 4658 1289 4734 atque
1311 4656 1345 4716 in
1368 4657 1579 4722 concionibus
1593 4660 1785 4738 duodecim,

141 4712 315 4801 flnomoeos
329 4720 468 4810 'egregie
483 4722 678 4795 confutavit,
702 4725 847 4805 ipsorum
870 4729 934 4793 tela
955 4729 1097 4808 depulit,
1124 4731 1392 4812 validissimaque
1412 4744 1604 4817 argumenta
1625 4741 1785 4809 adversus

140 4788 215 4881 illos
231 4794 499 4861 subministravit.
514 4801 590 4864 lllas
629 4820 704 4867 arro
718 4805 886 4870 duodecim
900 4808 1069 4883 homilias,
1085 4828 1225 4889 quarum
1238 4814 1400 4892 pleraeque
1411 4813 1445 4875 in
1460 4816 1575 4894 priscis
1589 4819 1691 4883 Editis
1709 4823 1785 4885 hinc

142 4870 175 4926 et
188 4866 262 4930 inde
283 4889 406 4967 sparsos
418 4882 528 4971 erant,
552 4880 586 4943 in
598 4820 691 4945 linito
706 4890 817 4947 nostro
829 4903 897 4949 una
918 4888 1072 4951 collectas
1086 4889 1203 4964 habes,
1220 4891 1444 4971 incipiuntque
1461 4896 1564 4958 Tomo
1579 4896 1617 4972 1,
1631 4899 1693 4961 eol.
1709 4902 1782 4963 701.

139 4942 253 5023 Neque
269 4951 365 5015 modo
379 4972 412 5015 in
428 4955 491 5019 illis
512 4958 681 5023 duodecim
701 4964 903 5027 orationibus
927 4966 996 5029 sive
1013 4966 1155 5031 homiliis
1171 4969 1339 5033 haereticos
1363 4972 1435 5034 illos
1458 4974 1637 5039 confutavit
1652 4987 1785 5044 sanctus

139 5020 271 5100 doctor,
284 5030 341 5090 sed
355 5033 452 5096 etiam
464 5036 499 5097 iii
512 5037 584 5099 aliis
599 5038 796 5135 ubicumque
811 5060 882 5107 sese
896 5046 1025 5107 occasio
1037 5044 1203 5111 offerebat.

180 5102 320 5182 lterum,
337 5111 423 5187 quod
437 5115 610 5179 observatu
629 5134 708 5181 sane
723 5121 855 5201 dignum
869 5121 977 5198 fuerit,
992 5140 1058 5187 nou
1076 5127 1184 5188 statim
1197 5128 1329 5192 ineunte
1343 5130 1448 5209 primo
1463 5132 1705 5213 presbyteratus
1730 5142 1782 5204 sui

138 5194 228 5241 anno
242 5182 414 5251 hnomoeos
432 5192 582 5271 impetiit;
595 5194 650 5259 sed
662 5201 699 5259 ut
722 5200 791 5279 ipse
807 5202 841 5263 in
856 5201 962 5279 prima
974 5203 1131 5267 concione
1150 5207 1353 5282 testificatur,
1371 5209 1434 5273 'am
1452 5211 1575 5291 pridem
1588 5212 1783 5283 destinatam

137 5263 582 5359 contrahpoinoeospugnam
597 5276 732 5351 tardius,
742 5279 853 5341 eodem
864 5280 938 5343 licet
947 5298 1046 5358 anno,
1056 5286 1208 5363 suscepit,
1217 5287 1304 5365 quod
1313 5305 1368 5350 mu
1383 5296 1430 5351 tos
1440 5291 1670 5356 Anomieorum
1686 5299 1782 5362 vido-

137 5342 191 5429 τοι
203 5344 413 5439 concionibus
427 5349 540 5413 adesse
561 5353 642 5429 suis,
659 5370 698 5418 ac
717 5373 791 5420 cuin
805 5358 971 5438 voluptate
985 5378 1083 5425 aures
1103 5365 1164 5427 sibi
1180 5368 1335 5444 prebere.
1350 5368 1579 5445 Quamobrem,
1595 5379 1785 5456 capradom

135 5414 286 5496 meamet.
302 5425 424 5501 aitille,
435 5431 536 5506 utque
551 5429 696 5510 ipsorum
715 5436 841 5500 animos
857 5439 1011 5516 irretiret,
1026 5441 1173 5521 linguam
1183 5446 1226 5507 ab
1240 5444 1424 5525 hujusmodi
1438 5450 1670 5517 certaminibus
1685 5474 1785 5519 coer-
1816 5457 1823 5480 ‘

134 5496 241 5558 achat.
253 5498 392 5589 bernuin
419 5506 624 5575 hortantibus
646 5512 709 5576 illis
725 5515 803 5593 ipsis
819 5518 992 5595 Anomosis,
1010 5520 1046 5582 iii
1065 5536 1198 5586 arenam
1212 5523 1394 5598 descendit;
1413 5528 1709 5612 Anommorumque
1733 5555 1784 5597 er·

133 5590 229 5666 rores
250 5594 295 5638 im
336 5585 408 5679 tere·
422 5602 515 5680 ossus
531 5593 591 5665 est,
607 5592 711 5655 amico
732 5599 839 5657 tamen
863 5597 984 5671 animo,
998 5614 1065 5661 non
1086 5606 1122 5663 ut
1142 5602 1346 5667 adversarios
1367 5604 1496 5684 feriret,
1509 5610 1565 5670 sed
1579 5618 1615 5675 ut
1637 5612 1792 5691 iacentes¹

133 5658 287 5745 effregerat.
333 5665 486 5727 erisimile
501 5672 610 5730 autem
631 5676 680 5733 est
695 5672 867 5739 Anamieos
880 5680 958 5739 tnnc
976 5681 1130 5758 temporis
1143 5683 1288 5745 mitiores
1302 5683 1414 5757 fuisse,
1426 5688 1505 5764 quia
1518 5687 1674 5753 Catholici
1690 5696 1784 5773 prin-

132 5748 224 5815 cipes
243 5734 488 5807 Valentinianus
508 5744 536 5811 ll
553 5752 583 5809 et
600 5748 800 5818 Theodosios
817 5758 893 5819 tunc
908 5756 1079 5839 imperium
1100 5759 1369 5841 moderabantur,
1389 5781 1448 5829 nec
1472 5773 1622 5849 poterant
1642 5756 1787 5857 horetssci'
