4084 6350
193 237 246 297 719

194 364 224 413 ut
235 368 333 426 coaptas
347 366 423 415 curet
435 359 547 431 quiescit
562 360 640 417 ¹site
652 362 678 417 in
701 361 869 429 diversoriis,
882 361 940 417 sire
955 362 983 417 in

194 427 254 485 allis
268 429 346 495 locis,
360 430 430 485 riam
446 445 498 487 nott
510 432 663 502 intercipit;
684 432 730 488 sed
748 433 863 502 qrtiescil
875 432 982 502 quidam

192 508 224 554 ιιι
236 515 335 569 eorpus
359 512 448 567 curet,
469 518 583 571 ascopa
599 513 689 560 autem
706 516 838 574 susceptae
858 504 908 559 ria
929 520 983 561 non

191 570 313 627 aliseedit
330 572 390 627 :sie
403 582 432 629 ct
444 572 522 630 uobis
537 576 668 631 honoriam
680 590 789 631 suonam
805 574 919 631 lruetum
934 574 983 630 de·

191 640 229 697 dit
243 642 380 709 serrator,
394 660 447 699 ιιιιιι
465 645 680 712 otdelieiernur,
699 645 746 703 sed
776 656 804 704 ut
824 662 933 703 carnem
955 657 983 703 et

191 715 308 769 arrimarn
320 714 486 771 fatiscentem
497 731 631 772 enrrmnrs.
644 716 778 787 Neitaque
792 720 981 790 mysteriorum

190 784 302 839 obtentu
313 785 429 841 athana
443 787 579 857 quidpiam
590 787 719 845 inducas:
731 803 765 843 ne
776 791 909 859 qrriaejus
920 805 983 857 par-

191 856 274 924 ticeps
287 871 328 918 es,
346 858 460 925 gratiam
472 859 588 926 crapula
602 873 724 913 sororem
739 876 799 915 ense
815 874 902 930 putes.
919 860 983 917 flac

189 926 345 991 observem,
361 944 411 981 nrm
427 928 521 983 llrlelcs
531 928 621 992 innodo,
633 928 680 985 scd
693 931 774 988 etiam
783 932 980 987 catechumeni.

174 1023 179 1038 =
191 997 262 1052 Arate
274 998 441 1067 largitionem
452 997 515 1053 doni
530 1000 685 1070 dignitatem
698 1002 822 1057 ostende.
834 1002 903 1070 Quid
916 1017 983 1072 opus

189 1077 231 1122 est
242 1069 351 1124 tertiat
365 1068 563 1127 Conscientiam
579 1081 649 1127 tuam
666 1074 797 1127 exanrtna.
814 1072 871 1139 Qua
887 1072 983 1129 lidueia

188 1138 335 1205 acceditis,
350 1141 394 1207 nui
405 1139 536 1209 Jejurrium
552 1143 678 1197 rtotavttt
689 1142 793 1199 lietera
810 1144 889 1199 liiidie
903 1159 981 1199 acee-

188 1208 237 1274 dit,
253 1210 287 1264 'et
302 1211 408 1266 netrtinc
430 1212 588 1283 irrcttsaate,
612 1216 775 1270 conscientia
791 1225 817 1270 te
832 1214 981 1283 redarguet.

189 1279 312 1335 liidistin'
325 1296 441 1350 annuam
455 1283 570 1353 aliquem
585 1286 629 1353 nui
638 1296 822 1343 accusatorem
834 1301 925 1341 secrnn
945 1284 984 1341 lc·

189 1350 247 1405 rati
260 1351 362 1406 Habeto
385 1353 473 1422 potius
485 1356 676 1411 conscientiam
698 1359 745 1411 tihi
762 1359 982 1428 patrocinantem.

189 1420 324 1477 llodierna
338 1423 405 1488 dies,
422 1423 449 1479 id
468 1433 521 1492 est,
542 1436 633 1481 satiata
658 1426 717 1482 haee
735 1429 911 1500 mystagogia,
929 1443 982 1483 uon

185 1491 280 1561 jejunii
293 1507 402 1548 curstrm
413 1500 525 1565 expetit,
555 1512 641 1566 uentre
656 1500 847 1569 mystagogiam
868 1499 940 1553 illam
957 1498 983 1551 iu

188 1573 281 1619 satiato
292 1563 422 1620 Paseltate
436 1583 444 1634 ;
458 1566 505 1623 sed
515 1567 577 1637 quia
590 1570 616 1623 in
630 1570 682 1625 hac
694 1579 737 1625 est
758 1570 889 1639 passionis
903 1568 985 1625 tradi·

218 1698 337 1751 ¹t’raatat
344 1697 408 1753 terta
419 1698 517 1767 legere,
528 1700 630 1767 etianrn,
642 1712 669 1757 ut
679 1718 768 1771 corpas
779 1712 856 1768 caret,
868 1705 984 1771 ιιιίιιιιι.

939 234 1073 293 st’ttttht.
1131 242 1133 253 ⁴

1623 207 1629 223 '
1722 243 1839 312 -ιιι

1039 362 1085 429 ιιι,
1100 362 1127 416 in
1142 360 1187 431 illa
1202 376 1265 419 vcro
1278 360 1485 419 resurrectionis
1498 376 1507 427 ;
1529 369 1669 417 consortes
1681 360 1740 431 eius
1753 361 1837 417 simus

1036 442 1064 488 ιι
1088 434 1292 489 resurrectionis
1315 433 1468 503 participes.
1493 432 1577 487 lindie
1595 442 1734 487 consortes
1753 434 1837 489 simus

1038 504 1180 573 passionis,
1191 514 1255 559 tnnc
1267 504 1471 560 resurrectionis
1487 522 1496 556 a
1510 502 1591 558 hodie
1607 503 1685 573 liujus
1697 511 1839 561 consortes

1037 590 1072 629 ιιι
1084 590 1133 629 nos
1148 575 1252 631 deliciis
1263 574 1404 641 dedamus,
1420 574 1467 639 sed
1481 575 1623 700 lacrymim
1643 589 1703 628 uam
1719 585 1779 643 post
1793 591 1838 631 re·

1037 644 1232 701 surrectionem
1253 647 1378 703 moestitia
1400 661 1451 701 non
1468 656 1519 701 est.
1562 662 1612 699 une
1625 643 1750 699 Christus
1764 648 1836 717 pati·
1869 693 1873 702 ,

1037 725 1090 781 tur,
1105 722 1179 771 etta
1201 716 1358 773 deliciaris?
1380 716 1471 771 Nescis
1488 716 1586 771 multos
1611 730 1683 787 supe
1710 731 1838 785 proceres

1035 786 1191 857 objurgatos
1205 787 1298 854 inisse,
1321 788 1392 857 quod
1412 788 1438 842 in
1464 789 1537 857 regio
1559 787 1631 843 luctu
1653 786 1768 842 deliciari
1793 804 1838 842 es-

1035 866 1117 923 seut,
1151 866 1178 913 ct
1197 859 1329 932 supplicio
1359 859 1469 914 all‘ectos
1497 855 1599 914 luisset
1617 856 1656 914 Τιι
1682 872 1747 913 rere
1774 858 1837 915 diurn

1037 928 1113 985 uides
1129 928 1295 985 hontinicarn
1311 932 1463 999 passionem
1479 928 1566 985 adhue
1581 931 1606 983 in
1631 944 1712 985 errice
1727 930 1833 1001 fulgen·

1038 1008 1105 1065 tem,
1135 1000 1249 1055 necdum
1264 1000 1425 1057 adveniente
1440 1002 1640 1055 resurrectione
1653 1002 1833 1056 resurreetio·

1037 1071 1079 1125 nis
1102 1070 1222 1127 laetitinm
1238 1086 1439 1142 praeoccupans.
1458 1080 1484 1127 te
1499 1071 1601 1127 deliciis
1626 1070 1743 1127 dedisti?
1769 1070 1834 1129 llaec

1037 1138 1107 1203 dico,
1134 1156 1186 1196 non
1210 1142 1281 1212 quod
1303 1142 1390 1212 ἰμιιιιιι
1420 1142 1590 1198 servatorem
1618 1142 1691 1197 luctu
1706 1142 1835 1215 prosequi

1038 1220 1172 1281 oporteat,
1186 1214 1349 1285 quasi'luctn
1365 1213 1444 1282 digna
1470 1228 1613 1285 perpessus
1631 1213 1682 1279 sit;
1706 1215 1752 1269 scd
1774 1214 1837 1283 auia

1037 1296 1087 1336 nos
1100 1296 1149 1350 par
1162 1293 1204 1338 est
1222 1293 1325 1353 gratnm
1351 1286 1469 1339 aninrmn
1485 1284 1630 1349 exhibere,
1649 1291 1677 1338 ut
1696 1296 1837 1343 consortes

1037 1351 1100 1407 lacti
1113 1351 1172 1422 ejus
1197 1356 1340 1423 passionis.
1356 1364 1497 1410 consortes
1511 1356 1596 1411 simus
1622 1354 1703 1409 etiam
1717 1370 1836 1412 resurre-

1038 1422 1153 1477 ctionis:
1171 1426 1232 1495 qrria
1248 1426 1335 1495 ipsum
1357 1426 1498 1480 bominum
1518 1426 1596 1481 decet
1617 1425 1718 1497 gloria,
1735 1426 1852 1491 lronor,··

1038 1492 1175 1563 adoratio,
1191 1510 1243 1551 una
1257 1512 1317 1551 eum
1337 1494 1418 1551 Patre
1430 1504 1457 1551 et
1480 1495 1651 1553 sanctissimo
1674 1497 1834 1568 vlrillcotyuc

1038 1562 1150 1689 {piritu
1178 1581 1248 1621 truite
1269 1573 1297 1623 ct
1319 1581 1435 1639 semper,
1465 1575 1492 1622 et
1506 1567 1533 1623 in
1552 1566 1649 1625 sacrm
1664 1568 1833 1625 saeculorum.

1063 1650 1134 1691 men.

586 2170 630 2235 IN
650 2170 893 2247 SEQUENTEM
912 2171 966 2235 DE
986 2169 1179 2235 LATRONE
1200 2172 1434 2237 suadebunt.

222 2316 300 2372 lione
311 2314 496 2401 chrysostomi
519 2332 572 2373 non
597 2333 658 2373 esse
679 2318 769 2372 statim
804 2317 891 2387 tyrrinis
913 2316 985 2372 dicet

189 2388 229 2441 acl
245 2388 417 2446 mediocriter
440 2388 554 2459 peritus,
569 2404 618 2444 uec
630 2400 671 2444 est
684 2405 715 2444 ea
731 2389 757 2442 in
773 2404 802 2443 ae
812 2388 984 2443 dintiusim·

187 2460 357 2513 morandum.
374 2460 439 2525 Sed,
453 2461 525 2529 qtiod
537 2461 734 2515 oliserrandum
756 2468 813 2522 est,
828 2468 889 2529 ιιοιι
912 2458 985 2514 launa

188 2529 391 2599 sequiturapud
405 2530 531 2586 Sanitium
556 2545 646 2586 serum
659 2531 727 2585 alins
747 2530 789 2584 cul
814 2530 926 2591 titulus,
951 2539 985 2589 ete

190 2613 233 2661 τὴν
256 2609 370 2672 ζωιφὸροι
382 2614 473 2675 rapula,
498 2598 666 2669 Inblbt'ficttm
688 2601 855 2671 tepttllttrttttt.
878 2598 984 2653 initium

188 2684 253 2723 vcro
266 2674 337 2726 εῖδιτι
345 2678 397 2739 χθὲς
410 2683 496 2745 λῃστοῦ
507 2678 687 2740 ιῦγιωμιιιιιηι,
701 2682 742 2727 nati
755 2672 874 2726 Ἰουδαίων
886 2683 983 2739 μανίαι,

190 2738 294 2794 Vidistis
310 2740 364 2794 beri
385 2741 492 2796 latronis
517 2743 676 2813 probitatem,
692 2752 716 2797 et
737 2741 888 2796 «iudeorum
914 2742 985 2795 inau-

186 2810 265 2865 niam.
277 2811 353 2877 Quud
362 2812 501 2868 exordium
516 2815 550 2869 ita
564 2816 752 2868 eoriciunatum
767 2823 819 2876 est,
828 2821 857 2866 ut
868 2812 983 2867 suadea-

188 2890 243 2946 tur,
258 2882 382 2937 eurndem
399 2897 460 2939 csse
479 2886 523 2955 nui
550 2884 745 2955 praecedentem
767 2884 801 2938 de
822 2883 944 2949 latrone,
958 2890 986 2936 ιι

1039 2315 1108 2371 hane
1130 2316 1163 2371 de
1183 2316 1318 2386 sepultura
1332 2314 1431 2371 Christi
1453 2316 1609 2374 concionem
1635 2314 1737 2373 emisit.
1752 2314 1835 2386 idque

1038 2386 1281 2443 dolumaehinatas
1303 2397 1345 2443 est
1369 2384 1507 2443 Graeculus
1519 2386 1663 2457 quispiam.
1679 2385 1791 2452 ilerum,
1806 2396 1835 2445 ut

1038 2468 1140 2513 certum
1155 2466 1197 2513 est
1208 2459 1324 2529 priorem
1338 2458 1476 2514 homiliam
1490 2472 1543 2513 non
1556 2472 1617 2513 esse
1630 2456 1834 2528 chrysostomi,

1040 2530 1075 2583 ita
1091 2527 1131 2582 rel
1145 2544 1177 2584 ιι
1191 2531 1262 2601 stylo
1277 2532 1368 2584 statim
1391 2530 1561 2599 perspicuum
1581 2536 1643 2595 cst,
1659 2529 1835 2597 posteriorem

1038 2602 1122 2655 sarred
1137 2599 1256 2655 doctoris
1271 2614 1342 2656 esse.
1359 2600 1405 2655 Est
1417 2597 1636 2668 antemejnsdem
1653 2598 1762 2654 homilia
1786 2613 1835 2655 oc·

1039 2675 1168 2741 togeslma
1179 2686 1250 2725 uuna
1261 2671 1286 2723 in
1296 2670 1460 2735 Mattianum,
1473 2686 1553 2739 ortum
1564 2669 1731 2739 repetitionis
1747 2670 1835 2725 vitan·

1039 2740 1080 2795 dae
1095 2756 1176 2797 causa
1192 2742 1424 2809 pretermisimus.
1447 2742 1575 2811 Epilogus
1589 2754 1654 2797 rere
1677 2740 1835 2803 moralitas

1038 2810 1153 2868 dirersis
1162 2810 1348 2883 chrysostomi
1359 2812 1426 2868 locis
1439 2812 1643 2869 consarcinatus
1656 2811 1716 2867 luit.

1620 2998 1835 3017 m

405 3084 440 3131 ΙΙ
461 3084 634 3131 LATRONE!
661 3085 702 3129 ΕΤ
723 3084 756 3129 lll
778 3080 1000 3129 Psobtatotttttt
1021 3079 1216 3127 sauvaronts
1239 3078 1356 3125 ll08'l'lll
1376 3078 1452 3125 JBSU
1468 3078 1608 3125 ctttttsrt.

919 3230 1048 3254 -Φ-

221 3321 249 3376 l.
270 3314 294 3378 0
307 3330 405 3392 quanta
416 3323 457 3376 ris
468 3331 510 3378 est
523 3333 622 3380 nostrae
636 3323 697 3378 lidei
710 3325 717 3379 l
730 3335 884 3396 oqruntum
908 3330 978 3384 valet

189 3393 310 3463 precatio
320 3394 411 3465 popuii
430 3393 528 3448 Christi
543 3399 657 3450 autentis
673 3412 721 3464 pro
735 3399 875 3454 sacerdote
885 3414 981 3470 pecca·

188 3473 248 3518 tore
260 3464 454 3534 supplicantis!
470 3464 507 3518 Νι
519 3474 542 3517 ιι
554 3466 596 3520 bic
610 3467 732 3522 ordiendi
745 3468 840 3522 merlus
867 3481 979 3538 stupore

187 3533 335 3605 percellat:
347 3531 411 3588 illud
435 3535 506 3590 enim
522 3535 615 3590 divino
631 3536 713 3592 Paulo
727 3538 837 3595 doctore
851 3541 926 3595 nobis
940 3540 980 3595 di·

187 3620 250 3662 cerc
268 3603 360 3665 didici,
374 3603 419 3675 qui
432 3605 489 3659 llaec
498 3606 523 3660 in
537 3607 724 3676 epistolissuis
738 3610 811 3663 clarc
823 3611 889 3664 dicit
901 3612 982 3666 disci·

188 3675 280 3746 pulis:
298 3673 446 3730 Precumini
456 3691 505 3761 pro
519 3693 567 3743 nte,
582 3678 691 3732 tituletur
702 3681 853 3735 nriblserma
863 3682 890 3734 in
903 3698 978 3752 uper·

189 3747 257 3800 ιιοιι
275 3747 327 3799 oris
349 3748 397 3800 mel
414 3747 424 3816 (
439 3745 533 3816 hptnn.
546 3747 573 3802 6.
588 3748 622 3804 lb
633 3747 652 3815 ).
668 3748 696 3805 Si
714 3766 779 3804 vero
799 3751 918 3814 Paulus,
934 3767 981 3808 aas

188 3816 340 3884 electionis,
356 3817 437 3872 horno
449 3819 574 3882 calcastis,
591 3823 685 3890 gratiae
699 3830 801 3884 orator,
817 3824 980 3892 precationi·

189 3886 240 3943 bus
254 3886 445 3956 discipulorum
458 3903 645 3960 suornmopus
661 3891 762 3959 habuit,
775 3905 875 3962 quanm
897 3894 981 3964 nangis

188 3973 249 4028 cgo,
261 3973 341 4026 ryuem
356 3971 449 4014 enarres
465 3970 632 4028 peecatorem
653 3977 713 4016 esse
741 3963 844 4018 trustis?
857 3967 981 4018 Attamen

182 4029 231 4084 'rel
244 4029 409 4096 publicanus,
420 4030 465 4100 ιιι)
479 4045 494 4082 a
509 4032 579 4085 malo
593 4031 715 4093 instituto
730 4047 759 4087 se
780 4036 913 4100 removit,
928 4037 983 4089 dis-

188 4100 295 4170 cipulus
308 4100 412 4154 linurini
438 4099 524 4155 laetias
538 4111 589 4157 ast.
614 4103 676 4157 Scio
689 4119 797 4174 qrroqrtc
812 4107 981 4161 arrerctricem

189 4170 355 4240 prenitentiae
370 4170 504 4242 lacrymas
527 4173 630 4226 honuni
653 4175 774 4246 vestigiis
801 4177 980 4242 ollerentem,

190 4241 356 4297 meretricias
366 4240 481 4297 famosas
497 4243 591 4297 sordes
601 4243 719 4300 abluisse
733 4264 739 4298 :
754 4247 811 4300 scio
830 4247 910 4302 etiam
921 4263 983 4315 pru-

187 4309 294 4366 dentem
307 4312 381 4366 illnm
395 4312 536 4380 latronem,
549 4329 592 4369 res
603 4330 713 4384 magnas
726 4330 773 4385 per
785 4317 863 4372 bdem
878 4319 983 4387 rapuis-

190 4396 235 4436 se:
252 4397 313 4436 narn
328 4381 390 4436 lurti
403 4383 554 4453 lrtrjnsmodi
578 4386 681 4440 lucrum
696 4387 837 4457 paradisus
852 4389 984 4446 luit.Seu·

190 4455 228 4506 tio
241 4461 269 4508 et
286 4468 337 4575 rgo
353 4469 395 4506 mc
409 4455 530 4509 camdem
545 4455 691 4512 anchoram
706 4459 864 4527 arripuisse.
890 4459 982 4515 'lalem

189 4523 287 4595 quippe
311 4523 432 4578 rairentus
446 4525 588 4580 [luminum
598 4527 772 4596 clementem,
787 4531 832 4597 rytri
844 4541 982 4598 :receptum

190 4591 293 4647 berticus
303 4594 437 4648 sinceram
451 4605 568 4651 nostram
585 4600 776 4666 precationem,
791 4602 882 4654 statim
903 4604 984 4658 ndre-

188 4663 332 4718 rieordianr
346 4679 421 4719 suurn
431 4665 559 4734 impertit.
575 4667 639 4722 Nam
654 4670 740 4742 legem
751 4669 842 4734 dedit;
859 4672 907 4726 sed
922 4688 984 4727 cum

188 4733 232 4788 lex
248 4735 291 4789 illa
316 4736 437 4790 andnam
449 4737 536 4791 solnm
552 4738 702 4795 lnturormn
718 4741 848 4796 horrorum
861 4743 982 4810 ltaireret,

188 4804 243 4858 hon
257 4814 345 4860 antem
371 4807 454 4875 ipsam
469 4823 558 4863 ιιιιιιιι
580 4810 737 4878 veritatem,
754 4811 906 4868 illuminare
931 4831 983 4869 non

188 4877 285 4946 potuit.
297 4877 482 4946 Proplteticam
495 4895 559 4935 rero
572 4882 674 4936 turbam
688 4883 763 4952 qtrasi
778 4884 892 4954 legatum
902 4887 984 4952 naisit;

189 4961 282 5000 rerum
305 4949 478 5018 propheticus
503 4951 547 5006 illc
561 4954 690 5022 populos,
705 4969 719 5007 a
735 4962 822 5007 morte
834 4954 959 5010 detentus
975 4998 983 5022 ,

190 5017 316 5074 clamarit
330 5019 437 5076 dicens:
454 5019 510 5090 Epo
524 5039 580 5076 sant
593 5034 662 5078 terra
675 5032 699 5077 et
713 5025 776 5080 cinis
785 5024 862 5092 (Gen.
875 5027 918 5082 lll.
927 5027 984 5097 27).

191 5088 311 5158 Angelus
326 5090 499 5146 immmabilis
513 5092 646 5150 manendo
660 5097 793 5150 incarnari
806 5111 857 5151 non
870 5109 983 5163 potuerat.

195 5155 257 5214 Non
267 5161 382 5232 angelus,
393 5163 494 5230 innuit,
510 5181 560 5218 tion
575 5165 672 5236 legatae
688 5167 793 5219 redetttit
805 5183 857 5234 eoa,
876 5169 920 5222 ted
932 5169 987 5238 ipae

194 5227 320 5286 Duratium
334 5230 411 5300 (leui.
425 5234 469 5290 65.
484 5233 523 5307 9).
540 5235 611 5290 vtdtt
625 5239 696 5290 enim
712 5239 804 5291 orhcm
816 5239 919 5292 attritio
932 5241 984 5295 de·

191 5301 323 5366 stitutum,
337 5313 365 5358 ct
378 5303 411 5357 ad
425 5308 512 5376 ipsum
523 5305 684 5361 eluctantem
701 5325 708 5361 a
724 5307 846 5376 lactina,
865 5307 984 5377 Dareine,

191 5370 267 5451 caeloa
283 5379 349 5440 tace,
361 5381 384 5429 et
397 5374 520 5430 descende
533 5374 620 5446 (Paul.
634 5377 697 5434 tta.
711 5378 752 5448 5).
768 5377 833 5434 Natu
848 5382 871 5435 si
892 5391 930 5445 tu,
947 5382 987 5434 in·

190 5452 258 5512 quit,
287 5445 320 5500 ad
339 5459 390 5499 nris
408 5463 461 5500 non
488 5447 679 5515 descenderis,
707 5464 757 5503 nos
782 5465 830 5520 per
848 5452 929 5506 aliurn
951 5451 985 5507 atl

193 5520 220 5566 te
248 5529 302 5568 non
336 5529 480 5587 possumus
512 5519 686 5575 ascendere:
709 5518 784 5574 ttdtt
820 5537 903 5593 ergo,
937 5537 987 5578 nec

191 5583 314 5653 despexit
340 5587 577 5657 deprecationem,
613 5589 661 5645 sed
688 5591 825 5646 inclinavit
852 5594 934 5648 caelos
959 5601 987 5648 et

193 5655 366 5712 dascerrditin
378 5668 496 5728 terram,
521 5675 571 5716 nec
588 5675 619 5717 se
640 5676 740 5717 uacuos
762 5663 844 5719 caelos
867 5665 983 5736 reliquit.

196 5722 347 5808 &receptus
362 5739 402 5786 est
414 5729 441 5786 in
456 5728 574 5809 virginea
589 5731 679 5808 vulta,
700 5743 757 5793 toto
768 5735 983 5832 orbcampliorc.

1032 3327 1117 3395 Quem
1132 3323 1204 3380 enim
1217 3321 1378 3394 eapere'nou
1391 3321 1476 3390 patuit
1489 3320 1669 3392 patriarchale
1679 3313 1812 3392 tuguriu'm
1825 3361 1835 3390 ,

1032 3401 1151 3468 virginea
1163 3397 1242 3449 vtrlra
1255 3391 1394 3462 complexa
1410 3400 1461 3447 est.
1473 3391 1629 3448 lacernatus
1652 3400 1703 3456 est,
1727 3401 1756 3446 ut
1777 3392 1836 3462 ipse

1034 3471 1117 3532 nrrrit,
1143 3482 1197 3521 non
1210 3475 1238 3520 ut
1250 3464 1461 3533 interpretantur
1487 3462 1624 3525 haretici,
1644 3463 1689 3532 qui
1712 3461 1775 3538 dum
1802 3475 1836 3518 ca

1032 3557 1091 3610 qnam
1112 3537 1162 3593 sibi
1187 3535 1293 3606 propria
1317 3545 1380 3588 snm
1403 3537 1541 3606 ignorant,
1566 3533 1657 3589 dirina
1679 3535 1834 3590 metiuntur.

1033 3611 1117 3666 Natus
1131 3620 1182 3674 est,
1197 3615 1227 3662 ut
1248 3607 1299 3660 sibi
1309 3606 1417 3675 placuit.
1432 3604 1461 3659 ln
1472 3607 1572 3676 lignum
1584 3603 1719 3670 ascendit,
1741 3605 1785 3674 qui
1801 3604 1835 3660 li·

1034 3695 1115 3750 gnum
1141 3677 1257 3748 paradisi
1282 3679 1395 3742 sanarit,
1411 3675 1569 3731 etclarnat:
1594 3675 1718 3730 Torcalur
1741 3675 1837 3730 creari

1033 3753 1113 3814 aolrts,
1129 3761 1151 3805 et
1161 3763 1337 3804 nementecunt
1349 3760 1402 3800 erut
1412 3746 1422 3817 (
1430 3745 1493 3800 leui.
1510 3746 1555 3802 aa.
1577 3745 1629 3816 5),
1645 3761 1696 3800 ιιοιι
1711 3746 1834 3820 appellas,

1035 3839 1088 3878 non
1112 3824 1233 3891 legatus,
1257 3833 1310 3873 tran
1324 3818 1513 3886 archangelus,
1536 3833 1588 3872 non
1606 3816 1756 3887 propbeta,
1777 3831 1832 3872 tion

1034 3910 1092 3960 ιιι,
1109 3892 1331 3962 ιιιιιιο)ιιιιιιιιιιι
1344 3903 1449 3943 mecum
1471 3899 1546 3944 erat:
1559 3899 1585 3944 ιι
1602 3905 1668 3944 tiaras
1681 3887 1753 3944 soliis
1775 3902 1834 3944 ιιι·

1035 3979 1095 4018 cam
1106 3973 1184 4026 erat,
1198 3962 1243 4031 qul
1257 3975 1310 4014 ιιιιιι
1322 3975 1428 4014 traceam
1442 3969 1556 4014 mortem
1569 3959 1705 4024 contrivit,
1718 3957 1766 4014 sed
1777 3973 1833 4014 me·

1035 4050 1095 4090 cum
1108 4033 1259 4104 paradisum
1272 4033 1297 4084 in
1313 4029 1499 4084 hereditatem
1511 4031 1631 4101 aceepit:
1646 4045 1749 4084 atterum
1761 4030 1787 4084 in
1802 4029 1836 4084 li·

1034 4120 1108 4174 giro,
1130 4118 1182 4157 non
1198 4117 1304 4156 meeum
1327 4102 1353 4154 in
1370 4101 1440 4155 bello
1454 4110 1549 4156 eontra
1564 4112 1679 4156 mortem
1694 4111 1832 4171 suscepto.

1036 4178 1103 4233 Νιιιιι
1120 4175 1262 4236 Dominus,
1279 4173 1372 4240 inquit,
1390 4182 1521 4226 conterens
1535 4171 1612 4235 bella,
1635 4170 1762 4226 Dantirtue
1788 4185 1834 4226 aa·

1035 4245 1165 4314 manilii(
1182 4239 1411 4315 iactantiae).
1428 4241 1503 4298 Unus
1526 4244 1593 4298 latro
1616 4243 1756 4298 curilessus
1780 4250 1832 4301 csl.

1035 4319 1057 4374 0
1074 4333 1117 4374 res
1141 4314 1289 4384 stupendas
1303 4323 1331 4368 ct
1347 4314 1451 4367 noras!
1475 4312 1557 4368 Latro
1578 4328 1639 4368 cum
1662 4311 1769 4368 Christo
1782 4352 1791 4379 ,
1805 4321 1832 4368 et

1036 4387 1184 4458 discipulus
1195 4383 1278 4441 ludas
1289 4400 1349 4439 enm
1362 4385 1469 4439 diaholo
1485 4403 1491 4438 :
1509 4385 1552 4438 lun
1567 4386 1592 4440 in
1605 4384 1740 4448 tenebras,
1754 4391 1781 4438 et
1793 4391 1833 4438 te·

1036 4462 1128 4516 nelina
1144 4459 1169 4511 in
1187 4456 1398 4511 incommutatae
1413 4465 1496 4510 sunt:
1515 4471 1599 4526 agnus
1615 4456 1703 4524 lupus,
1713 4465 1741 4509 ct
1754 4455 1831 4523 lupus

1036 4546 1121 4602 agnus
1148 4529 1234 4583 sactus
1255 4535 1305 4581 est.
1333 4526 1413 4581 Latro
1426 4541 1520 4580 manus
1538 4527 1645 4581 habens
1665 4526 1747 4581 claris
1770 4539 1834 4582 crtu-

1038 4602 1123 4668 ltxas,
1140 4600 1210 4654 lideli
1235 4612 1300 4653 voce
1329 4597 1470 4651 borninnrn
1487 4598 1619 4654 salutabat
1643 4596 1735 4652 dicens
1752 4613 1760 4648 ι
1777 4595 1833 4652 lde·

1037 4682 1121 4728 mento
1132 4671 1191 4738 orei,
1202 4667 1324 4732 Dandae,
1338 4684 1396 4721 curn
1413 4670 1509 4724 tennis
1520 4671 1545 4722 in
1556 4685 1660 4738 regnunt
1673 4677 1744 4722 trram
1755 4663 1832 4734 (tna.

1036 4745 1081 4799 23.
1096 4743 1131 4797 lb
1143 4741 1171 4806 )·,
1185 4751 1212 4796 ιι
1225 4739 1374 4808 discipulus
1387 4739 1464 4794 labiis
1477 4741 1599 4794 anscarium
1612 4739 1740 4804 rillerens,
1751 4737 1834 4792 eorde

1037 4813 1154 4885 gladium
1174 4811 1296 4882 patratrit:
1310 4808 1386 4864 labiis
1400 4810 1458 4863 laeta
1474 4808 1597 4873 dicebat,
1608 4820 1635 4864 et
1647 4809 1728 4864 corde
1742 4808 1833 4862 dolant

1037 4884 1186 4946 crrtctabat,
1210 4881 1324 4934 dicens:
1345 4880 1411 4946 dae,
1439 4879 1521 4935 natat
1543 4879 1665 4950 (lluttlt.
1689 4879 1734 4934 att.
1751 4880 1784 4933 ill
1800 4882 1833 4946 );

1038 4956 1134 5011 deinde
1149 4951 1367 5014 oserrlatureum,
1378 4961 1406 5005 ct
1417 4965 1563 5008 corinenses
1574 4950 1832 5012 dieitludnisnutn,

1038 5041 1091 5082 non
1107 5039 1183 5088 vinee,
1197 5021 1320 5092 Ligatum
1337 5022 1412 5075 illum
1424 5021 1559 5078 abducite.
1584 5021 1608 5078 0
1631 5023 1721 5091 inique
1746 5020 1833 5080 inda,

1038 5111 1091 5167 quo
1112 5096 1172 5150 drrci
1188 5093 1266 5162 jubes
1290 5107 1351 5146 erim
1364 5092 1409 5157 utri
1422 5092 1504 5156 dixit,
1532 5092 1629 5150 Gelam
1643 5093 1706 5146 milri
1729 5093 1835 5144 tlrronne

1038 5179 1085 5230 eet,
1101 5176 1124 5220 et
1138 5175 1204 5220 terra
1217 5162 1353 5219 cenidium
1380 5163 1471 5232 pedum
1490 5180 1603 5218 nuaram
1627 5162 1758 5234 (laniat.
1776 5161 1833 5230 ll?

1073 5239 1100 5293 Ξ.
1121 5235 1173 5294 Sed
1189 5236 1267 5291 rideo
1280 5235 1420 5290 raritatem
1445 5246 1562 5292 vestram
1581 5235 1781 5292 ardentiorem,
1808 5245 1834 5284 at

1038 5309 1174 5382 corprtsin
1189 5307 1337 5378 angrariis:
1362 5304 1537 5377 volebamqne
1564 5307 1607 5360 hic
1631 5305 1711 5360 licem
1726 5303 1832 5382 dictandi
1913 5337 1916 5345 .

1041 5381 1147 5445 lacerc;
1160 5379 1208 5434 sed
1222 5380 1282 5448 quia
1297 5386 1415 5432 vestrum
1427 5376 1551 5432 audiendi
1562 5377 1693 5439 studium,
1707 5383 1735 5429 ut
1750 5373 1832 5443 pinri-

1039 5453 1088 5506 hus
1100 5463 1263 5521 persequar,
1278 5465 1321 5502 me
1333 5447 1474 5515 hortatur,
1487 5449 1521 5504 ad
1533 5447 1666 5506 seruatoris
1677 5448 1776 5524 seriem
1789 5459 1832 5496 re·

1038 5531 1185 5578 rcrmmur.
1199 5523 1259 5586 dae,
1271 5519 1365 5590 inquit,
1375 5517 1466 5574 ndat.
1482 5517 1608 5578 Clemens
1619 5532 1684 5574 rere
1695 5517 1829 5595 britannias,

1040 5592 1167 5664 patientia
1185 5591 1328 5660 nequiitiam
1351 5589 1498 5660 proditoris
1510 5591 1632 5655 uincens,
1656 5601 1729 5644 reete
1744 5586 1833 5642 dard:

1040 5665 1136 5729 dariae,
1153 5662 1186 5717 ud
1200 5661 1261 5732 auid
1281 5662 1393 5716 nemeti?
1408 5660 1565 5730 Amplector
1584 5671 1621 5726 tc,
1636 5659 1715 5724 luda,
1730 5671 1782 5712 can
1805 5664 1835 5710 ut

1040 5737 1180 5798 caritatem
1197 5732 1307 5804 indam,
1328 5749 1409 5815 qnam
1431 5731 1575 5814 abjecistiy
1601 5731 1650 5792 aed
1663 5737 1692 5801 ut
1705 5740 1833 5796 eruerem
