4084 6350
154 343 209 406 rm
633 329 670 391 m
689 323 779 384 uera
798 277 1063 378 neosrouonutr.
1083 314 1199 376 uouit.
1220 316 1292 376 xix.
1745 329 1798 392 m

153 454 254 516 tedere
274 451 363 519 sodet3
379 461 532 506 mensuram
554 444 626 502 enim
646 457 723 500 suam
745 439 843 496 babent
862 433 945 493 acuti.
1005 446 1098 489 rocem
1112 434 1245 500 dicebant,
1257 433 1378 494 Troaitnn
1388 447 1424 493 ert
1436 435 1526 511 (doun.
1540 438 1582 496 12.
1597 439 1643 512 29)
1658 461 1666 501 ς
1681 443 1799 509 biennio

154 548 258 606 dicitur
271 545 353 603 etiam
371 543 446 602 roais
468 549 497 597 et
513 539 573 598 soni
586 535 785 596 vehementiam
799 529 896 590 surdos
908 527 950 584 ia·
1004 525 1058 582 tide
1070 525 1166 598 dignos
1176 529 1304 587 eratdum
1314 531 1488 591 marimesua
1499 537 1645 596 nuntiaret.
1657 539 1692 600 Et
1703 541 1800 614 liparus

154 659 217 703 cere
226 639 400 699 etattonitoa.
412 636 465 694 Sed
476 635 546 692 itone
557 629 702 692 excecavit
714 638 826 696 motuni,
839 635 867 683 et
876 630 951 680 metu
1005 617 1174 678 introductus
1188 631 1240 690 est,
1256 639 1309 680 non
1324 625 1437 684 uiurcuiis
1451 627 1600 708 imperinm
1616 642 1644 688 et
1657 621 1802 696 trabebant

155 738 274 794 baronem
288 733 347 808 ejus
360 730 500 812 esstioxit,
509 729 545 786 ita
557 735 585 783 ut
597 726 656 782 haec
667 724 713 782 iiie
724 721 829 778 audiret
843 715 948 784 asnede,
1004 708 1092 780 ibrum,
1105 713 1150 783 poi
1161 714 1265 771 scaiios
1277 724 1422 775 tractorum
1433 701 1569 792 sperabat,
1580 723 1635 782 Cur
1644 725 1737 786 autent'
1746 744 1800 788 uun
1872 768 1877 776 ,

155 829 247 909 Sosio,
262 823 325 902 potu
338 842 378 883 rue
389 822 546 899 perquem
559 822 572 878 2
584 819 641 877 Non
654 817 720 874 dicit
733 817 782 882 iiii,
791 812 887 876 Crede,
904 825 952 866 ne·
1006 805 1178 865 manducant
1193 825 1280 884 neque
1298 812 1381 872 bibit?
1393 815 1446 872 Sua
1462 829 1535 890 gesta
1547 819 1702 890 damnabat,
1716 824 1802 882 ratuin-

155 941 208 1003 quc
229 921 318 980 simile
338 917 497 994 quidpiam
514 914 562 972 sed
584 914 700 970 incusat.
725 909 788 966 idac
809 906 866 963 iere
887 902 953 960 dicit
1007 900 1123 976 rebatur,
1137 903 1248 984 orabat,
1264 907 1375 980 rogabar
1394 909 1490 980 Deoua.
1503 911 1530 970 Si
1546 929 1611 972 uero
1629 881 1802 990 quispim,
1892 929 1895 934 .

155 1008 253 1090 utribus
265 1015 339 1071 iilum
355 1013 460 1069 incusat
475 1031 483 1069 a
498 1007 586 1080 Quid,
601 1007 641 1062 uei
656 1019 751 1077 parum
770 1000 814 1057 rel
825 998 950 1062 muitum,
1006 996 1058 1053 boc
1068 1013 1102 1054 cs
1117 999 1277 1059 neccessitate
1297 1001 1381 1060 inisse
1395 1003 1467 1079 (nam
1481 1017 1507 1064 et
1523 1007 1632 1086 Elymas
1647 1011 1697 1070 tipo
1714 979 1801 1084 ipsun}

155 1124 170 1164 a
184 1124 227 1165 nne
240 1108 329 1170 laesus,
344 1104 396 1160 boc
408 1102 466 1176 apis
478 1101 490 1157 i
503 1099 575 1156 dicit
587 1106 681 1159 unauna,
697 1095 753 1170 quir
763 1110 800 1159 es,
816 1089 925 1147 Domine
939 1087 952 1143 ,1

156 1201 266 1259 interim
278 1197 461 1256 seconiitetur
477 1209 596 1253 serrum.
611 1190 740 1248 Dominus
752 1197 844 1244 autem
865 1184 950 1242 dixit:

156 1295 214 1370 Epo
232 1312 290 1366 pum
307 1293 395 1364 dnae,
416 1307 491 1364 quem
507 1287 713 1362 supernonere.
732 1282 773 1340 Ac
791 1280 814 1341 si
827 1279 951 1335 diceret:

156 1389 197 1447 iia
210 1398 287 1462 potes
301 1386 348 1444 tibi
361 1400 424 1442 euna
436 1381 590 1440 bominibus
604 1393 665 1436 esse
676 1384 825 1434 certantem.
840 1370 891 1442 Qui
903 1384 952 1425 ao·

158 1492 212 1539 tem
229 1496 289 1539 cum
306 1479 353 1537 iiio
368 1486 462 1543 eraut,
475 1491 569 1533 socom
582 1474 689 1546 quidem
710 1468 786 1528 Pauli
799 1467 952 1533 audierunt,

157 1575 294 1634 nemiuem
308 1582 399 1632 autem
415 1570 552 1649 uiderunt,
572 1567 606 1624 ad
622 1581 702 1640 ortem
721 1562 906 1634 responderet.
921 1559 955 1614 Et

155 1670 217 1744 jure
236 1667 331 1726 merito
346 1685 353 1722 ε
371 1681 461 1723 rernm
474 1677 592 1738 namque
605 1662 740 1718 minorum
754 1657 815 1714 iilos
831 1655 893 1711 iecit
907 1668 955 1710 ao·

154 1751 271 1822 ditores.
292 1761 358 1818 Nam
379 1761 403 1816 si
422 1773 518 1816 rocem
541 1757 614 1812 iiiam
634 1754 790 1820 audissent,
805 1763 892 1822 neque
914 1747 955 1804 sic

159 1858 337 1916 credidissent
350 1873 357 1910 :
369 1851 482 1911 Panium
497 1859 587 1906 autem
599 1848 721 1905 uidentes
734 1843 953 1915 respondentem,

158 1954 335 2011 mirabantur.
355 1948 408 2006 Sed
422 1949 447 2003 7.
462 1945 562 2019 Surae,
583 1954 608 2000 et
628 1941 761 2015 inpredcre
775 1938 917 2002 ciuitatem,
930 1941 955 1989 et

160 2046 257 2102 dicetur
277 2043 327 2102 tibi
339 2041 401 2116 pain
421 2049 446 2096 te
468 2047 583 2114 oporteat
605 2037 698 2108 [acne.
717 2032 797 2099 Vide,
819 2025 955 2101 quomodo

161 2154 213 2195 riou
229 2134 318 2192 statim
332 2132 422 2190 omnia
441 2131 491 2208 ipsi
504 2128 619 2197 revelet,
634 2126 684 2186 sed
699 2126 774 2198 prius
787 2131 890 2178 tarnum
903 2119 956 2174 mi·

161 2231 227 2302 tipet
237 2228 354 2283 animam
368 2225 438 2298 ejus,
452 2233 480 2280 et
493 2238 541 2294 per
552 2236 595 2288 ea,
609 2235 669 2292 que
678 2217 755 2290 jubet
770 2216 844 2271 ilium
854 2211 953 2278 iacere,

161 2322 250 2379 statim
265 2329 341 2392 spent
353 2317 451 2374 bonam
468 2314 545 2382 indit,
558 2311 629 2385 quod
642 2312 729 2368 risum
743 2316 901 2379 recepturas
910 2303 955 2360 sit.

166 2415 220 2473 viri
227 2423 321 2487 ostem,
332 2412 375 2479 otti
384 2409 455 2466 ibant
467 2426 525 2465 eum
535 2425 581 2474 eo,
592 2406 693 2465 ructuat
700 2401 842 2478 stupefacti,
851 2398 958 2454 audien·

162 2521 197 2568 tes
210 2507 311 2584 quidun
323 2521 418 2574 omem,
431 2505 557 2560 neminem
569 2511 652 2558 autem
662 2498 784 2554 uidentes.
800 2495 826 2551 8.
837 2490 958 2550 Surreait

39 2656 43 2660 Α
161 2612 245 2658 mrtem
255 2590 714 2670 Smtaanatmu,apennpaeocuto
726 2581 958 2644 minitantium

161 2715 253 2754 marrus
262 2707 347 2753 uatem
357 2695 430 2753 iiiam
438 2693 575 2761 babentes,
584 2685 778 2744 introduxerunt
791 2679 956 2735 Damascum.

163 2790 255 2864 Spolia
274 2789 391 2855 diaboii,
406 2800 469 2857 uasa
482 2784 560 2863 ejus,
576 2779 652 2853 quasi
671 2784 748 2847 capta
761 2770 876 2846 quadam
891 2769 959 2825 urbe

164 2883 208 2941 rei
230 2881 372 2958 metropoli
386 2877 569 2936 introducunt.
586 2873 619 2929 Et
632 2869 704 2942 quod
719 2868 817 2924 mirum
830 2870 892 2932 cst,
907 2860 959 2934 ipsi

164 2974 267 3032 inimici
282 2982 310 3030 et
322 2972 415 3028 hostes
429 2966 602 3025 introducunt
617 2962 693 3018 ilium
707 2957 833 3017 erunibus
846 2952 960 3009 videnti·

162 3065 221 3126 itus.
238 3063 266 3122 9.
281 3062 316 3120 Ει
331 3060 472 3118 erottrr'itta
482 3058 569 3114 diebus
584 3052 740 3138 nonoidenr,
751 3059 775 3106 et
788 3065 838 3104 nott
850 3043 960 3101 mondu-

163 3161 228 3220 mair
240 3176 320 3231 neque
331 3157 402 3214 titia.
417 3154 485 3225 Quid
498 3152 561 3209 hoio
574 3151 612 3207 rei
626 3163 675 3223 par
688 3145 768 3203 inerit
781 3144 794 3199 i
806 3138 961 3199 Consolatio

165 3255 224 3313 baec
238 3254 337 3312 inducti
353 3251 428 3322 Pauli
442 3255 601 3319 compensat
619 3257 764 3301 uaoerorem
775 3240 809 3296 de
824 3236 961 3311 Stephano

165 3356 344 3427 conceptum,
361 3344 425 3423 iicet
445 3342 489 3399 bic
502 3356 578 3397 suam
600 3337 698 3394 habeat
717 3336 744 3390 iu
759 3329 962 3389 soconsotatio·

1007 1104 1103 1162 passus
1115 1099 1157 1148 est
1169 1091 1237 1166 [Act.
1254 1093 1299 1169 ib]
1314 1097 1334 1166 i,
1348 1099 1589 1175 respondebimus:
1607 1101 1694 1160 Etiam
1704 1119 1801 1187 passus

1006 1193 1065 1249 cst,
1081 1185 1127 1242 scd
1139 1185 1248 1252 mansit,
1260 1197 1287 1243 ut
1298 1199 1366 1244 erat.
1378 1189 1517 1260 Quomodo
1530 1193 1611 1268 igitur
1625 1211 1678 1258 rann
1693 1206 1804 1257 coactus

1007 1281 1066 1335 esti
1082 1278 1182 1352 beornd
1195 1281 1279 1354 magis
1289 1296 1387 1354 cogere
1401 1293 1514 1356 poterat,
1529 1302 1608 1370 quam
1623 1257 1804 1350 terraemotus

1007 1371 1035 1427 in
1049 1373 1246 1430 resurrectione
1260 1373 1366 1444 iunctus,
1381 1377 1447 1448 ipsis
1462 1377 1592 1436 militibus
1607 1383 1802 1454 nuntiantibus,

1006 1463 1067 1519 aiiis
1080 1465 1191 1536 patratis
1211 1467 1313 1538 signis,
1334 1468 1404 1540 qood
1418 1468 1506 1542 ipsum
1526 1472 1709 1534 resurrexisse
1728 1451 1804 1534 uide}
1846 1528 1854 1541 ,

1008 1557 1088 1614 rent?
1104 1561 1138 1616 nt
1152 1575 1206 1615 non
1222 1551 1266 1616 iiia
1280 1561 1467 1619 necessitatem
1483 1563 1621 1640 inducunt,
1633 1567 1679 1624 sed
1694 1567 1802 1626 docent.

1008 1648 1062 1706 Cur
1081 1649 1166 1710 lauduni
1187 1651 1245 1708 buc
1262 1653 1401 1711 audientes
1420 1670 1474 1710 non
1496 1655 1691 1714 crediderunt?
1712 1658 1804 1718 Paiam
1903 1645 1905 1650 ⁵

1008 1756 1076 1809 erat,
1092 1743 1166 1801 iiiuru
1185 1759 1249 1802 uera
1262 1745 1363 1804 dicero.
1375 1745 1468 1822 Nepote
1481 1750 1553 1805 enim
1566 1760 1685 1808 mutatus
1699 1749 1803 1825 inisset,

1009 1837 1060 1893 uisi
1072 1836 1123 1894 boe
1132 1839 1280 1907 evenissem
1295 1849 1373 1914 atque
1382 1841 1418 1896 ira
1430 1857 1523 1898 omues
1534 1843 1643 1900 credere
1653 1846 1803 1916 opmrtcbat.

1008 1929 1067 1986 Non
1081 1931 1169 1987 minor
1182 1942 1239 1988 erat
1254 1933 1297 2002 iis,
1311 1935 1355 2004 qui
1367 1936 1593 1993 resurrectionem
1607 1935 1664 2008 ejus
1677 1936 1806 2008 predica·

1009 2023 1090 2088 bant,
1106 2022 1161 2079 imo
1184 2024 1235 2080 tide
1248 2023 1354 2096 dignior
1371 2028 1415 2098 qui
1429 2037 1541 2098 repente
1556 2042 1701 2086 conuersus
1721 2037 1804 2087 esset.
1899 2037 1903 2046 '

1008 2113 1067 2170 Non
1081 2130 1141 2172 cum
1161 2115 1237 2172 iidcie
1250 2119 1375 2190 qrropiam
1391 2127 1512 2175 uersatus
1532 2118 1639 2190 iuerat,
1653 2119 1740 2179 sedin
1756 2123 1808 2184 Dar

1010 2224 1101 2266 masco
1111 2224 1258 2298 conuersus
1267 2220 1318 2276 est,
1331 2213 1385 2268 imo
1395 2222 1456 2269 ante
1468 2213 1629 2274 Damascum
1641 2214 1806 2282 boeaecidit.

1009 2302 1147 2376 interrogo
1161 2303 1280 2362 iudaeum
1294 2324 1301 2361 :
1316 2304 1402 2372 Unde,
1417 2322 1518 2381 qumso,
1533 2323 1678 2367 conuersus
1685 2321 1726 2368 est
1739 2311 1808 2370 Pati·

1010 2397 1137 2482 insiTot
1159 2399 1234 2475 signa
1249 2399 1331 2466 vidit,
1348 2409 1375 2458 et
1397 2415 1545 2457 conversus
1561 2418 1614 2458 naun
1630 2411 1674 2460 est
1691 2421 1697 2458 :
1713 2404 1809 2462 doctor

1010 2489 1245 2562 eiusmntatnsest
1255 2490 1312 2566 (a),
1328 2502 1355 2548 ct
1369 2490 1412 2546 bic
1426 2501 1544 2550 minatus
1557 2509 1610 2550 non
1626 2502 1668 2552 est
1679 2495 1755 2568 :quuis
1768 2495 1807 2555 iti

1012 2585 1156 2658 persuasit,
1172 2587 1226 2641 imo
1239 2585 1299 2657 quis
1311 2583 1348 2639 iiii
1362 2593 1465 2642 tantum
1482 2595 1591 2660 repente
1604 2587 1714 2645 immisit
1726 2587 1793 2649 ardo
1914 2621 1934 2648 ο

1011 2694 1082 2756 raro,
1095 2685 1125 2734 ut
1134 2678 1277 2736 anathema
1287 2693 1337 2751 pro
1347 2676 1456 2736 Christo
1466 2679 1524 2738 fleri
1535 2679 1658 2757 optaret?
1669 2677 1807 2752 Manifesta

1011 2781 1055 2831 est
1068 2788 1158 2831 rerum
1173 2772 1282 2831 veritas.
1297 2771 1367 2840 Sed,
1385 2781 1414 2831 ut
1430 2774 1486 2848 lam
1501 2773 1575 2846 dini,
1599 2773 1705 2836 interim
1720 2789 1808 2834 eunu-

1011 2865 1092 2923 cbum
1115 2865 1236 2924 uidentes
1259 2865 1436 2944 illuminatum
1460 2874 1489 2924 et
1508 2866 1641 2952 legentem
1662 2866 1808 2941 erubesea-
1922 2876 1932 2894 ·

1012 2973 1084 3016 mus.
1100 2957 1222 3030 Videtis,
1243 2959 1269 3015 in
1283 2971 1384 3032 quanta
1398 2961 1527 3034 potentia,
1544 2961 1570 3032 in
1584 2957 1809 3035 quiantisdivitiis

1013 3063 1177 3123 uersaretur,
1192 3069 1225 3110 aa
1243 3069 1330 3128 raeque
1348 3055 1374 3110 in
1394 3054 1435 3110 ria'
1449 3053 1625 3144 qrrieseebati
1639 3052 1732 3134 Qrmlis
1745 3066 1810 3130 ergo

1013 3158 1071 3213 erat
1083 3147 1166 3216 domi,
1177 3147 1223 3235 qui
1235 3164 1270 3207 ue
1280 3149 1306 3207 in
1320 3148 1363 3206 uia
1374 3146 1483 3230 quidem
1494 3145 1644 3224 otiareturi
1655 3144 1742 3225 quatis
1752 3153 1812 3203 erat

1014 3242 1042 3299 io
1056 3242 1158 3300 nocie?

1051 3336 1078 3391 d.
1094 3334 1230 3419 Quotquot
1243 3332 1269 3389 in
1284 3332 1459 3409 dignitatibus
1471 3334 1551 3401 estis,
1567 3332 1669 3411 andito,
1684 3340 1712 3389 et
1725 3329 1813 3401 imite-
1842 3368 1847 3377 ·

166 3436 394 3521 remanentne
415 3435 456 3491 sit
475 3433 609 3495 obiissct;
629 3437 657 3486 et
669 3426 740 3483 111111
759 3425 823 3481 ἰ10111
839 3416 958 3489 haberti.
1014 3428 1081 3485 mini
1096 3426 1274 3484 bumilitatem
1292 3435 1320 3483 et
1334 3426 1469 3504 pictatem.
1487 3426 1542 3483 Etsi
1562 3427 1672 3495 domum
1691 3432 1812 3502 reverte·

165 3528 238 3627 ⁸(praed
256 3530 486 3591 Samaritanorum
500 3525 551 3583 uici
571 3522 675 3580 reducti
691 3533 816 3591 maenum
833 3514 962 3572 afferrent
1014 3530 1100 3587 retur,
1116 3535 1169 3576 non
1190 3518 1296 3575 dicebat
1314 3518 1384 3575 intra
1399 3519 1595 3589 semetipsum:
1611 3516 1702 3575 Redeo
1720 3516 1747 3573 in
1763 3530 1812 3598 pu·

167 3628 303 3687 solatium.
1016 3615 1114 3688 triam,
1132 3613 1171 3669 ibi
1195 3612 1302 3669 lauacro
1325 3620 1397 3691 utar;
1419 3619 1449 3667 ut
1467 3620 1530 3667 sunt
1549 3609 1645 3690 frigida
1667 3585 1813 3677 multorum

203 3722 255 3780 car
269 3720 369 3777 Panion
379 3726 436 3792 port
449 3710 761 3772 conen-resurrectionem
772 3718 906 3762 tuomst·
919 3701 961 3757 ³¹⁶¹·
1015 3709 1108 3765 rerba.
1127 3705 1184 3763 Non
1197 3720 1265 3778 opus
1274 3704 1367 3762 babuit
1378 3705 1462 3779 signis
1474 3720 1526 3777 pec
1539 3686 1696 3777 miraculis:
1713 3718 1744 3759 ex
1757 3701 1816 3762 solo

168 3849 203 3862 -
213 3818 247 3874 Et
266 3831 325 3878 cur,
337 3813 458 3899 inquies,
475 3823 528 3864 nun
544 3806 577 3863 ab
600 3804 677 3859 initio
692 3800 719 3857 id
736 3798 835 3857 sactum
848 3805 901 3862 2⁸¹,
915 3793 963 3851 ⁸0⁴¹
1016 3800 1147 3887 propbeta
1170 3798 1294 3877 eredidit.
1312 3799 1415 3856 idcirco
1428 3798 1546 3885 seipsum
1561 3796 1683 3870 deplorat
1698 3794 1814 3866 i’auins.

168 3910 285 3985 postea?
314 3906 350 3965 iit
370 3904 576 3968 ostenderetur,
597 3911 660 3954 uere
679 3892 816 3951 Christum
840 3904 951 3947 resume

169 4006 252 4061 risse.
276 4000 326 4071 Qui
349 3999 422 4055 enim
436 3992 649 4069 persequebatur
664 3988 737 4044 ilium
750 4027 758 4053 ,
772 3998 823 4041 nee
836 3980 964 4039 credebat

170 4097 242 4155 iiiios
256 4103 371 4150 mortem
383 4105 415 4146 ac
432 4085 674 4147 resurrectionem,
688 4081 733 4152 quii
747 4062 894 4149 discipulos
906 4074 965 4146 ejus

171 4185 393 4263 persequebatur,
408 4180 489 4246 uode,
500 4191 603 4251 qurmso,
618 4172 786 4237 credidisset,
804 4168 854 4225 uisi
869 4156 965 4239 mapna

170 4264 264 4337 inisset
280 4274 406 4335 crucinxt
421 4270 529 4329 virtusi
541 4251 627 4334 Esto,
643 4264 682 4321 iiii
697 4263 747 4334 ipsi
763 4262 967 4329 obtemperare·

171 4377 245 4440 rint,
260 4368 325 4443 quid
345 4367 380 4424 ad
395 4366 467 4422 bunc
486 4362 559 4419 dices
572 4359 585 4440 i
600 4345 725 4427 biioquin
746 4368 811 4410 vcro
825 4350 887 4407 ideo
905 4355 967 4419 port

169 4465 399 4525 'resurrectionem
422 4456 548 4524 accessit,
570 4468 658 4526 neque
672 4448 780 4515 statim,
798 4455 829 4501 ut
850 4440 967 4499 maniis·

172 4559 242 4617 etius
259 4542 681 4625 ipsiusbeiiumuidentur.1iarru
698 4540 744 4612 qui
762 4539 803 4595 sic
815 4536 922 4602 insanit,
938 4541 969 4590 ut

174 4663 202 4709 et
214 4646 370 4721 sanguninem
385 4640 515 4707 edrrndat,
529 4648 557 4696 et
571 4640 598 4694 in
610 4648 747 4693 carcerem
760 4621 896 4701 conjiciat,
912 4614 970 4683 sta·

1017 3895 1130 3955 dicens:
1147 3895 1200 3952 Scri
1214 3894 1414 3971 mnerirmdiom
1427 3891 1477 3949 dei
1490 3900 1657 3967 eonanpuutot
1674 3880 1817 3965 anonpor'o

1017 3990 1139 4068 ipnorunr
1153 3988 1203 4065 feci
1213 3989 1241 4056 ip
1254 3986 1449 4062 incredulitate,
1463 3994 1487 4043 et
1500 3986 1566 4055 stirp
1583 4000 1622 4041 ane
1637 3984 1719 4062 prinae
1732 3990 1816 4038 arten-

1019 4082 1176 4151 nereidem
1189 4080 1416 4149 Cbrirtnronrnent
1431 4076 1579 4149 potientium
1593 4074 1632 4147 (i.
1648 4072 1715 4147 iim.
1729 4072 1755 4142 i.
1771 4072 1816 4135 td.

1020 4175 1078 4249 id).
1096 4176 1196 4249 Dignus
1210 4185 1284 4233 certe
1296 4172 1475 4229 admiratione
1487 4178 1528 4228 cst
1541 4169 1585 4239 bic
1594 4149 1746 4237 eunucipus.
1758 4164 1818 4225 Non

1020 4266 1247 4340 nunciandum,
1263 4280 1315 4321 non
1331 4262 1531 4338 uidissignurn:
1548 4259 1635 4330 adiano
1648 4265 1764 4320 stantem
1774 4254 1819 4328 Je-

1021 4358 1184 4437 ro'suipmam
1199 4356 1318 4424 ridebat,
1334 4363 1361 4411 et
1374 4353 1502 4411 credebat
1515 4351 1647 4425 Phiiippo.
1664 4347 1741 4425 Unde
1754 4361 1820 4422 erpo

1023 4452 1084 4509 talis
1098 4451 1209 4513 effectus
1221 4450 1281 4507 esti
1295 4448 1415 4510 subicite
1429 4455 1488 4523 erat
1500 4446 1588 4507 aninra
1602 4444 1684 4518 iilius,
1697 4440 1822 4502 attende·
1856 4459 1862 4465 ·

1023 4546 1070 4603 bat
1083 4545 1239 4620 scripturis,
1255 4542 1415 4599 lectionibus
1430 4555 1540 4617 operaup
1553 4538 1643 4595 dabat.
1658 4535 1739 4609 Atqui
1751 4535 1821 4591 iatro

1024 4638 1090 4713 uidit
1102 4637 1188 4717 signa,
1204 4646 1232 4693 et
1245 4635 1314 4708 pragi
1327 4634 1449 4701 stellam3
1465 4632 1510 4689 bic
1522 4644 1587 4689 vero
1599 4629 1664 4687 nibil
1679 4628 1733 4699 taie
1743 4626 1821 4695 uidit,

176 4752 222 4807 tint
243 4744 339 4805 eredit·
362 4740 421 4799 Νι111
444 4738 510 4795 11111
531 4742 604 4802 111111.
626 4729 697 4808 (1111111
718 4743 779 4785 011111
794 4726 902 4781 (31111110
915 4736 970 4779 11011
1025 4738 1053 4805 et
1066 4728 1181 4786 credidit
1195 4744 1204 4802 3
1218 4742 1304 4803 usurae
1318 4725 1391 4782 odeo·
1405 4726 1477 4793 utilis
1498 4733 1541 4781 est
1560 4721 1761 4793 seripturarum
1783 4717 1823 4773 ic-

175 4843 280 4911 iuisset,
303 4838 350 4896 sed
364 4835 483 4911 oportuit
496 4842 525 4889 ut
546 4827 638 4885 iideies
652 4821 689 4882 ab
700 4822 746 4880 iiio
766 4821 870 4877 fortiter
882 4819 970 4890 impu·
1025 4822 1089 4877 ctio.
1100 4818 1169 4889 Qruid
1178 4834 1230 4894 ego
1240 4816 1358 4899 captust
1368 4831 1456 4892 anpoo
1467 4817 1554 4889 legem
1566 4809 1759 4873 meditabatur?
1769 4808 1823 4866 Sed

176 4942 332 5009 artarentur.
344 4931 452 4990 Nudum
469 4942 521 4984 nou
537 4925 654 4982 imorem
669 4927 742 4976 retro
754 4915 900 4998 relinquit}
913 4928 971 4970 om·
1026 4915 1093 4973 miii
1106 4914 1212 4987 ridetur
1227 4912 1271 4971 bic
1282 4912 1406 4969 eonsnbo
1420 4890 1573 4968 reservatos
1584 4922 1644 4977 esse
1656 4912 1766 4982 ppopter
1779 4919 1822 4973 en,

178 5031 257 5088 utilius
278 5028 322 5092 bic
344 5027 433 5082 acrior
451 5030 518 5082 erat.
542 5020 608 5077 Cum
627 5025 716 5073 autcm
739 5019 888 5069 excecatus
911 5006 972 5075 suit,
1027 5022 1088 5083 qum
1101 5006 1176 5084 prius
1190 5005 1257 5084 dixi,
1272 5002 1344 5077 quood
1359 5002 1475 5074 undique
1489 4995 1823 5057 relietdudauostristus

179 5134 243 5181 tertre
257 5118 447 5178 dominationis
455 5108 485 5173 'et
494 5112 645 5176 elementiae
658 5109 718 5183 ejus
729 5105 827 5164 indicia
840 5100 950 5179 agnouit
964 5117 971 5156 ι
1028 5096 1173 5156 attrahere.
1185 5096 1254 5155 Nam
1262 5096 1284 5153 si
1295 5105 1385 5151 mente
1392 5094 1548 5157 valuissent,
1558 5089 1625 5147 nibil
1634 5088 1700 5161 ipsis
1712 5084 1824 5161 perinde

178 5219 220 5278 rel
235 5216 330 5289 etiam,
342 5228 375 5272 ne
385 5211 447 5285 uuis
459 5210 560 5265 diceret
571 5199 817 5281 ipsumsimuiasse.
832 5183 973 5267 Quumrrdo
1028 5203 1109 5267 atque
1121 5192 1173 5249 boc
1188 5191 1253 5247 utile
1269 5188 1374 5262 inisset.
1390 5187 1446 5243 Hoc
1456 5184 1528 5257 enim
1542 5182 1603 5255 pios
1617 5196 1697 5267 qnam
1712 5178 1785 5253 signa
1797 5185 1825 5235 et

179 5314 263 5381 enim,
287 5308 333 5382 qui
355 5307 512 5379 sanguinem
530 5298 690 5371 expetierat,
705 5295 751 5367 qui
772 5291 805 5349 ad
819 5287 975 5347 sacerdotes
1029 5285 1081 5342 alia
1104 5282 1193 5341 omnia
1217 5290 1321 5353 poterut
1345 5280 1408 5337 iilos
1426 5278 1582 5348 attrahere:
1598 5270 1825 5349 quemadmodum

179 5412 348 5476 accesserat,
363 5400 408 5473 (pn
423 5399 449 5454 io
462 5394 580 5468 pericula
592 5406 623 5447 se
636 5385 811 5459 conjiciebat,
827 5382 872 5457 qui
885 5390 976 5438 exter·
1031 5377 1097 5435 nibil
1112 5378 1148 5433 ita
1160 5376 1229 5435 soiet
1241 5372 1418 5432 crassioribus
1429 5367 1591 5427 offendiculo
1605 5380 1676 5423 esse.
1691 5361 1759 5421 bide
1773 5362 1825 5417 ita·

181 5514 231 5555 nos
244 5496 324 5553 etiam
337 5492 453 5567 pellebat
465 5497 493 5544 et
503 5484 639 5560 puniebat,
653 5477 823 5539 simulasseti
836 5476 885 5533 iiic
895 5474 976 5547 igitur
1030 5490 1084 5547 que
1102 5482 1162 5550 post
1180 5468 1377 5543 dispersionem
1396 5466 1580 5541 apostolorum
1596 5464 1677 5521 Deum
1693 5458 1775 5519 edere
1790 5458 1828 5513 si·

180 5589 314 5668 posthaec
328 5586 417 5644 omnia
431 5579 642 5639 dominationem
654 5572 807 5633 confitetur.
819 5570 873 5625 Cur
886 5576 977 5631 autem
1031 5581 1094 5637 gna.
1110 5561 1326 5656 criminabuntur
1341 5556 1426 5627 iudai
1440 5558 1588 5647 apostotos,
1603 5552 1784 5643 conjiciebant
1797 5549 1825 5605 in

183 5700 236 5742 uon
256 5683 325 5740 intra
346 5679 431 5753 ipsam
446 5675 540 5733 urbem
560 5671 605 5729 ius
622 5669 696 5728 iilum
715 5661 908 5747 circumfulsit,
928 5660 977 5723 sed
1030 5651 1033 5659 ‘

179 5787 246 5837 ante
266 5773 358 5833 iilami
377 5769 444 5857 Quoia
460 5765 536 5841 multi
556 5781 609 5843 pon
630 5760 823 5847 credidissent,
839 5756 894 5812 imo
908 5752 978 5811 sorte
1031 5800 1068 5852 w,

183 5870 318 5950 pipipsent,
332 5860 547 5955 qandoquidem
559 5866 687 5950 etsopra,
703 5854 828 5924 emissam
839 5848 979 5922 audientes
1033 5862 1079 5921 raia
1107 5848 1186 5933 spitus
1197 5858 1271 5928 quam
1281 5856 1368 5910 omues
1378 5844 1479 5909 urben
1489 5838 1515 5917 ip
1551 5852 1588 5918 os.

1064 5724 1101 5793 (a)
1113 5722 1208 5776 doctor
1223 5718 1290 5773 raab
1301 5714 1421 5794 diagniiei
1430 5720 1538 5789 mistus
1547 5712 1624 5791 inisse
1635 5711 1732 5783 dicitur,
1743 5716 1771 5760 ut
1782 5718 1828 5773 pn·

1078 5799 1137 5902 ffb
1147 5784 1247 5845 tuom
1256 5787 1386 5845 morosus
1396 5792 1431 5839 m
1442 5776 1531 5851 bibe,
1566 5772 1828 5841 amarer-remeunt
