4084 6350
170 462 221 527 rot
548 479 553 495 ,
649 456 685 523 tu
703 436 793 522 turn
812 440 1077 523 somnolentis.
1096 457 1212 520 uouru.
1233 460 1329 521 xxti.
1760 458 1815 527 sqq

170 585 279 653 mahat,
293 584 345 642 etsi
358 582 520 655 praecinctus
533 587 562 639 et
573 579 731 639 mmeatus:
752 578 814 651 quid
829 578 965 635 aliusnon
1021 577 1097 649 prius
1110 578 1251 649 dixerunt,
1275 587 1304 637 et
1324 584 1417 649 postea
1437 575 1515 637 illum
1527 575 1669 650 uiderunt,
1683 584 1819 655 qultnna·
1862 590 1867 601 '

129 642 142 761 2¹
170 692 268 754 passas
285 674 702 749 destruemonemus,
717 674 827 748 pluant
842 683 866 730 et
876 688 969 729 nran-
1020 670 1175 742 opinionem
1189 672 1307 729 sustulit.
1322 670 1351 730 Si
1365 673 1475 746 augelus
1486 674 1598 743 lmsset,
1614 691 1667 733 nott
1681 677 1814 748 prunnon

170 757 236 829 daru'
257 770 418 841 nauem,
444 779 565 828 menet
588 769 624 825 ad
652 777 753 841 portam
780 772 889 841 ferream
910 781 920 820 .·
944 773 970 821 et
1019 760 1164 835 iores,aec
1173 765 1330 825 messuisset
1340 766 1368 823 in
1378 766 1462 825 alium
1471 768 1723 829 locunrcoulrmat
1732 774 1814 831 etiam

123 828 150 898 ὃ
170 877 291 925 aetantes
306 876 483 939 procmntrnt
497 865 580 922 darm
594 880 676 920 urtam
688 871 713 920 rt
723 862 843 919 candarau
853 859 971 916 deurit
1020 854 1092 925 iilos,
1107 858 1179 930 quod
1193 874 1247 915 non
1262 860 1348 919 indie
1359 859 1458 919 iactum
1470 860 1515 919 sit.
1529 861 1562 919 lli
1574 864 1654 922 soluti
1667 868 1815 939 pmmban·
1834 857 1842 961 ζ

124 938 132 983 ¹
173 939 968 1037 anqelataicommutacionesunt,miralrilloraereut;
1019 958 1081 1019 tur,
1101 950 1147 1009 ille
1165 956 1273 1012 rinctus
1284 954 1446 1017 dormiebat.
1471 956 1501 1017 sl
1520 965 1642 1030 putasset
1661 973 1740 1031 reru,
1755 976 1815 1035 qun

173 1055 226 1112 hoc
240 1070 305 1111 vero
317 1054 446 1125 deinceps
460 1052 612 1109 humanius.
626 1051 694 1108 cum
706 1047 774 1105 nilrll
784 1054 843 1104 erut
853 1044 969 1118 impedi-
1019 1042 1159 1114 apehmar,
1172 1060 1264 1103 reram
1276 1050 1515 1120 esse,pertcrrltus
1523 1048 1635 1122 tutaret,
1646 1069 1698 1117 nec
1709 1070 1815 1113 memor

172 1149 276 1217 menti,
291 1147 418 1206 discessit
432 1147 554 1219 angelus.
575 1144 669 1218 licque
679 1142 753 1199 enim
773 1140 968 1212 pertransisset
1019 1143 1178 1206 qmummr
1193 1152 1268 1197 nunc
1280 1148 1372 1198 autern
1389 1143 1466 1213 quusi
1479 1142 1506 1199 in
1518 1158 1616 1204 somno
1627 1145 1740 1217 ridens,
1754 1150 1814 1208 elne

169 1242 285 1315 Petrus,
299 1258 361 1299 cum
375 1250 416 1297 tot
429 1249 525 1299 essent
539 1238 630 1297 abices
642 1257 651 1295 ι
663 1252 728 1295 rere
741 1250 858 1307 namque
873 1242 968 1304 uapor
1018 1228 1440 1304 delimbiliifflemiffmiir
1449 1237 1812 1317 iiiiiiirtldtlttitmittttstn.

168 1334 273 1393 aderat.
296 1332 374 1391 Nunc
387 1334 456 1394 scic.
479 1332 583 1405 inquit,
599 1332 660 1407 quia
677 1346 735 1387 rere
748 1330 817 1385 uridt
840 1326 968 1383 [tondum
1019 1319 1087 1379 ilde
1098 1338 1179 1395 qnam
1192 1324 1270 1383 lit-me
1284 1338 1365 1387 esset.
1380 1328 1570 1401 Transeuntes,
1585 1336 1691 1409 iuquit,
1705 1338 1815 1411 primunt

168 1430 287 1503 anqcittrn
307 1446 400 1499 ιιιιιιιι,
428 1436 452 1485 et
471 1427 566 1495 eripuit
585 1444 627 1482 nte
643 1426 676 1483 de
692 1441 772 1480 mana
791 1421 920 1490 nemra,
944 1423 970 1475 et
1018 1424 1043 1471 et
1057 1420 1196 1475 mundun
1207 1421 1369 1492 ηιιιιὲιιιιι,
1384 1434 1504 1483 omnent
1523 1427 1558 1483 ad
1579 1438 1681 1501 pmcn
1694 1434 1813 1506 [menan.

168 1521 201 1578 de
212 1522 284 1579 enni
300 1520 487 1593 exspectatione
510 1517 591 1592 pielir
610 1516 772 1574 ludecmut.
794 1512 891 1571 naue:
912 1525 967 1567 non
1018 1508 1054 1566 Et
1066 1526 1134 1582 cur,
1149 1514 1271 1586 inquies,
1285 1532 1340 1574 non
1353 1532 1401 1588 pet
1412 1520 1516 1593 seipsos
1528 1520 1581 1581 loc
1593 1522 1716 1583 itciunti
1737 1527 1815 1586 Curi

169 1622 248 1680 tune,
264 1611 372 1684 quaudo
386 1612 413 1668 in
426 1610 542 1668 vinculis
555 1624 642 1667 cram.
663 1606 885 1677 consideransque
901 1604 968 1659 tetdt
1018 1601 1087 1671 (tuta
1101 1606 1394 1668 iacmrelieuslllos
1408 1614 1542 1686 lronorat,
1557 1617 1627 1689 quod
1642 1623 1814 1693 peranelos
1921 1615 1924 1621 ’

169 1705 196 1761 in
210 1704 313 1760 douram
333 1702 428 1760 ituria
439 1702 530 1758 ruatrir
549 1700 670 1758 ioannis.
682 1696 837 1771 ,Quldsiil
855 1695 913 1752 rult
935 1694 967 1750 il·
1017 1706 1094 1751 eruat
1108 1696 1192 1768 ipsos.
1215 1698 1285 1769 Qtrld
1297 1703 1385 1777 erqo?
1397 1720 1510 1764 curnun
1524 1708 1564 1767 slc
1576 1710 1603 1765 ia
1618 1710 1701 1769 Paulo
1712 1712 1814 1773 iactum

169 1796 233 1865 lud,
246 1794 578 1868 Consideruaricoqitaus
594 1792 641 1850 ulti
654 1800 738 1851 essm.
757 1790 807 1847 Vel
821 1789 874 1846 ltoc
886 1788 967 1859 iqitur
1017 1786 1084 1842 estt
1101 1788 1159 1847 lllic
1171 1806 1188 1848 e
1201 1808 1232 1849 re
1245 1792 1316 1863 init,
1336 1800 1398 1869 quia
1413 1799 1551 1857 custodem
1566 1804 1683 1861 carceris
1704 1807 1815 1866 credere

168 1886 364 1954 considerauit:
378 1886 422 1944 rel
432 1886 505 1958 quod
515 1900 570 1943 non
580 1892 719 1957 oporteret
727 1890 871 1953 auumque
879 1879 965 1947 seire,
1017 1882 1180 1951 oporteltutq
1195 1882 1242 1942 lric
1253 1900 1319 1945 tero
1330 1890 1418 1948 solum
1433 1906 1501 1967 opus
1512 1900 1571 1951 erat
1583 1897 1734 1966 apostolum
1747 1899 1814 1957 lllre·

170 1979 216 2037 sed
229 1980 404 2050 ⁴lienelactori
418 1979 505 2037 ricem
520 1977 686 2051 rependere:
700 1976 771 2050 quud
785 1975 832 2031 illc
844 1970 968 2029 conside·
1016 1973 1092 2029 rari:
1116 1974 1235 2048 alioquin
1257 1992 1324 2037 reru
1344 1981 1415 2038 Deus
1433 1982 1541 2043 dinemo
1555 1990 1644 2045 omnia
1664 1989 1812 2062 dispensat.

169 2088 251 2141 rans,
263 2074 338 2130 uenit
351 2072 379 2128 in
391 2071 502 2129 domum
515 2071 615 2128 ilaris.
637 2071 702 2139 Quis
716 2079 758 2127 est
771 2069 815 2125 laio
826 2064 968 2124 ioannes?
1016 2066 1075 2124 lllic
1086 2068 1185 2127 Paulus
1197 2070 1313 2145 hymnos
1325 2077 1439 2134 murum
1454 2078 1523 2155 (det.
1536 2081 1579 2139 lu.
1593 2080 1652 2159 is),
1664 2083 1709 2143 laic
1718 2080 1814 2147 Petrus

170 2163 251 2223 loru
265 2166 307 2235 is,
322 2164 367 2237 qui
381 2178 490 2237 semper
501 2177 562 2220 cum
575 2163 631 2221 illis
644 2170 722 2229 erat;
738 2160 854 2232 ideoque
866 2172 967 2230 coquo
1015 2160 1177 2219 dormieltat.
1191 2164 1231 2222 lie
1245 2182 1310 2240 erqo
1323 2170 1490 2232 occultemus
1503 2177 1634 2236 miracula
1649 2178 1707 2251 ltat,
1721 2183 1769 2241 sed
1779 2183 1815 2241 ud

170 2271 232 2315 uren
245 2257 325 2314 etiarn
339 2254 398 2329 eius
411 2255 513 2329 posuit.
1016 2252 1158 2313 utilitatem
1182 2266 1302 2315 nostram
1325 2260 1383 2320 haee
1405 2263 1537 2339 divulgari
1559 2284 1705 2341 curemus,
1729 2283 1756 2332 et
1780 2276 1814 2334 ad

204 2346 331 2423 diaqnun
346 2349 440 2406 ionum
452 2348 564 2423 afflictio.
579 2376 616 2390 -
628 2344 697 2404 uida
714 2352 842 2419 qnantum
863 2345 900 2402 sit
917 2345 967 2402 lto-
1015 2344 1131 2403 altorum
1147 2347 1364 2409 edificationem.
1380 2352 1417 2413 tlt
1429 2359 1502 2415 enim
1517 2360 1682 2423 adnurabilis
1697 2365 1756 2436 luit,
1768 2370 1815 2441 qul

168 2456 231 2501 num
247 2442 374 2512 alliictio,
390 2450 519 2517 quantum
535 2450 615 2500 noctu
629 2451 771 2516 precantes
783 2440 964 2513 proicerent,
1015 2438 1092 2510 ligari
1108 2440 1191 2497 voluit
1203 2459 1211 2509 ;
1225 2442 1261 2499 ita
1275 2444 1458 2506 admirabilior
1471 2452 1516 2521 qui
1529 2467 1582 2510 non
1593 2457 1668 2526 prius
1678 2456 1813 2531 discessit,

167 2548 248 2608 quam
269 2536 366 2608 uigiles
387 2534 451 2593 irinc
464 2533 649 2592 efficerentur.
671 2534 814 2600 Vidistin',
836 2542 965 2607 quantum
1016 2544 1096 2601 quam
1107 2532 1163 2587 suia
1171 2534 1261 2593 omnia
1269 2540 1429 2597 nuntiasset.
1440 2540 1575 2616 Dixitque,
1586 2546 1815 2611 Nuntiatelacoio

167 2627 273 2685 lucrum
293 2642 327 2685 ex
341 2626 415 2684 caede
437 2626 587 2699 Stephani?
608 2627 727 2705 uidistin'
741 2634 838 2700 quanta
859 2640 893 2683 ex
914 2626 969 2682 lroo
1016 2632 1042 2678 et
1054 2624 1188 2697 detritas.
1203 2626 1260 2685 Cur
1272 2630 1365 2689 dicere
1374 2631 1452 2703 iubet
1462 2636 1471 2670 ¹
1481 2636 1494 2691 i
1506 2637 1542 2695 ttt
1555 2638 1596 2698 lili
1608 2644 1762 2714 gaudeant,
1785 2658 1815 2707 ut

169 2734 279 2779 carcere
302 2720 425 2779 nuditus?
447 2720 505 2778 lion
527 2723 598 2793 enim
621 2721 753 2779 ulciscens
773 2720 846 2778 lieus
865 2720 967 2792 injuste
1015 2731 1052 2774 ne
1066 2716 1174 2777 solliciti
1188 2720 1260 2792 siut,
1274 2732 1306 2781 nt
1318 2740 1367 2797 per
1379 2726 1429 2783 lios
1442 2728 1483 2787 illi
1496 2730 1620 2805 discutit,
1635 2752 1688 2795 nan
1703 2740 1753 2811 ipsi
1766 2756 1818 2813 per

168 2811 300 2871 ledentes
314 2856 323 2883 ,
338 2813 378 2870 sic
391 2828 516 2886 maguum
530 2814 650 2871 ostendit
663 2812 852 2887 euangelium
874 2811 922 2869 sed
937 2812 964 2868 in
1015 2810 1077 2868 ilios
1088 2830 1095 2867 ι
1108 2813 1147 2871 sic
1156 2814 1191 2871 de
1202 2814 1324 2875 inieriori
1337 2829 1414 2891 parte
1425 2836 1519 2879 curam
1531 2828 1652 2897 gerebat.
1666 2830 1739 2889 tituil
1750 2848 1814 2906 erqo

89 2938 93 2945 -
168 2908 236 2984 ipsis
262 2908 423 2967 ludentibus
446 2908 514 2966 niitll
538 2910 603 2967 muli
629 2908 793 2981 patientibus
818 2908 891 2982 ipsas
917 2906 965 2963 tri-
1016 2904 1154 2964 moderata
1170 2904 1317 2969 afflictione
1339 2912 1447 2970 melius.
1471 2912 1583 2985 Qualem
1606 2929 1685 2993 putas
1704 2924 1813 2983 illorum

168 3002 323 3061 caledones
342 3018 441 3075 perse
461 3018 588 3076 magnum
609 3004 675 3077 quid
695 3016 757 3061 esse
773 3000 907 3069 ostendit,
930 3012 966 3057 ne
1016 3008 1081 3058 tuac
1094 2999 1177 3059 luisse
1190 3002 1440 3077 animamiquanta
1454 3010 1591 3082 voluptate
1603 3013 1735 3086 plenam?

168 3093 212 3152 rel
222 3094 257 3151 ab
270 3094 323 3152 illis
332 3096 402 3170 cripi
415 3137 423 3164 ,
436 3096 480 3155 tel
493 3096 623 3153 ultionem
636 3096 708 3153 sumi
719 3108 883 3171 quaeramus.
904 3092 965 3149 Per·
1057 3092 1195 3167 Viqiicntia
1217 3094 1459 3160 laudatum-Uiri
1484 3114 1546 3163 suut
1568 3122 1641 3165 nuno
1664 3111 1811 3184 mulieres,

167 3189 256 3262 pende
269 3230 279 3258 ‚
294 3188 431 3261 quomodo
455 3191 561 3248 ancillae
583 3191 652 3263 apud
676 3205 725 3248 eos
744 3189 773 3247 itt
796 3193 854 3262 parl
877 3187 965 3259 pretio
1015 3201 1076 3258 quae
1088 3192 1400 3252 totanoctedcrmlunti
1414 3195 1530 3268 ubiviri,
1545 3201 1590 3271 qui
1603 3205 1726 3276 neqttein
1741 3205 1812 3263 lecto

169 3289 268 3340 ment
284 3279 347 3340 Pru
358 3284 474 3357 quadiu,
489 3283 593 3356 inquit,
608 3299 660 3340 nan
672 3285 782 3357 aper-sit.
799 3283 864 3339 lire
874 3289 965 3338 autem
1016 3293 1046 3334 se
1059 3281 1189 3341 uerunt?
1200 3281 1296 3341 iiden'
1308 3283 1415 3356 vigilem
1430 3288 1571 3348 tamtam?
1588 3289 1656 3350 Cum
1673 3295 1811 3366 uxoribus,

169 3374 206 3432 ita
219 3375 317 3432 iactum
332 3383 387 3446 est,
400 3391 439 3432 ue
452 3383 480 3432 ot
494 3375 534 3432 ilii
547 3375 638 3433 statim
651 3375 777 3432 videntes
791 3373 965 3447 obstupesce·
1015 3373 1108 3446 pueris
1122 3384 1150 3432 et
1171 3375 1277 3434 ancilis
1291 3377 1377 3435 ileum
1389 3379 1581 3454 celebrabant,
1601 3400 1650 3457 per
1662 3385 1813 3446 tribulatio-

169 3479 247 3538 reut,
264 3477 292 3526 et
305 3484 358 3526 uon
373 3470 533 3537 crederent,
548 3471 596 3528 sed
610 3485 688 3528 meus
704 3471 811 3528 illorum
825 3485 966 3528 exercere-
1015 3483 1079 3524 uem
1092 3467 1295 3539 puriorescalo
1308 3469 1407 3531 ciiecti.
1422 3473 1499 3534 liutto
1516 3491 1597 3548 uero,
1610 3481 1635 3537 si
1650 3497 1760 3554 parvum
1771 3487 1812 3542 ti·

170 3559 965 3636 tur.iitquodnosiaceresolemus‚ancillaquoquclacere
1015 3558 1126 3620 deumus
1149 3564 1316 3638 periculum,
1332 3569 1508 3629 cunddimus.
1531 3571 1603 3631 ltiltl
1624 3570 1745 3636 Ecclesia
1768 3579 1813 3637 illu

168 3653 335 3728 deprehensa
348 3665 409 3713 cst:
424 3655 468 3712 illa
482 3671 598 3729 namque
606 3655 718 3714 curabat
726 3671 785 3713 retu
796 3657 887 3712 letam
898 3671 965 3712 nun·
1016 3651 1194 3724 splendidius.
1216 3655 1291 3730 lpsos
1314 3658 1467 3733 imitemur,
1493 3665 1662 3746 emulemur.
1680 3663 1740 3727 nou
1752 3670 1814 3728 ideo
1911 3714 1914 3730 .

169 3747 255 3816 tiare;
271 3749 331 3804 larta
346 3747 446 3822 quippe
460 3764 505 3805 res
519 3758 588 3805 erat.
603 3745 651 3804 ltu
662 3763 721 3804 rrro
734 3749 850 3804 dtceiant
863 3748 903 3814 ei,
917 3745 965 3803 ln·
1016 3744 1086 3802 tacta
1102 3755 1144 3803 est
1160 3763 1224 3818 nor,
1246 3759 1276 3807 ut
1297 3767 1348 3823 per
1366 3760 1448 3810 totam
1466 3753 1630 3816 dormiamus
1644 3769 1672 3817 et
1686 3763 1812 3820 otiemnr.

168 3839 248 3901 tanin
266 3838 321 3895 ltta
334 3849 420 3896 catena
442 3839 582 3914 affirmarat
603 3840 639 3896 ric
660 3855 687 3896 re
701 3838 793 3895 daune
806 3854 816 3894 .·
828 3837 868 3894 itti
882 3847 966 3894 autern
1015 3837 1074 3896 lioc
1090 3839 1268 3899 testificantm
1279 3845 1408 3916 artifices,
1426 3847 1618 3920 negotiatores,
1630 3861 1812 3924 mercatores,

168 3933 306 3991 dicebant.-
330 3935 442 4008 dnqeias
463 3936 519 4008 ejus
542 3943 589 3992 ert.
620 3933 688 3990 iiiuc
706 3949 799 3991 rerum
823 3931 979 4006 probatur,
1016 3931 1138 3990 Ecclesia
1148 3931 1197 3992 liei
1205 3936 1293 3994 media
1305 3951 1419 4012 surgens
1428 3949 1518 3999 nocte.
1529 3941 1615 4016 Surqe
1627 3947 1656 4001 el
1667 3953 1706 4014 ttt,
1718 3947 1814 4006 etride

52 4061 55 4065 -
168 4042 387 4100 unumquemque
411 4035 535 4084 nostrum
555 4027 680 4100 angelum
700 4027 810 4084 habere.
837 4026 873 4084 lit
894 4025 965 4083 unde
1016 4029 1156 4086 stellarum
1178 4029 1308 4100 chorum,
1331 4033 1493 4104 protundum
1518 4035 1673 4108 silentium,
1695 4041 1813 4112 quietem

168 4122 197 4178 iu
218 4107 337 4176 menum
354 4117 437 4175 subiit
457 4118 510 4175 illis
533 4119 657 4191 angelum
682 4118 769 4175 essci
794 4119 818 4174 Α
842 4124 966 4188 temporo
1015 4121 1128 4177 multam
1140 4121 1519 4195 :obstupesredeuomiaitul
1530 4129 1706 4200 providentia.
1718 4133 1815 4191 Purior

169 4211 237 4270 illud
259 4211 475 4286 suspicauautur.
499 4208 536 4266 iit
549 4221 635 4266 ιιιιιιι
650 4209 826 4282 pessumdat
838 4210 964 4281 paisant,
1018 4227 1082 4272 tunc
1095 4225 1137 4274 est
1146 4217 1247 4287 aalma,
1261 4218 1355 4286 levior,
1369 4220 1503 4292 subtilior,
1518 4221 1653 4292 sublimis,
1668 4227 1812 4298 expedita:

169 4305 276 4378 iuquit,
298 4321 356 4362 ιιιιι
382 4304 560 4376 aperuissent,
590 4304 708 4360 ciderunt
728 4320 807 4370 eun,
828 4311 854 4358 et
879 4302 966 4358 emta·
1017 4308 1138 4366 nucinas
1152 4307 1229 4380 ipsae,
1243 4309 1380 4367 silentium
1392 4313 1523 4381 muitum,
1537 4315 1564 4372 iu
1577 4319 1814 4390 compunctionem

169 4395 357 4470 mitia
367 4411 666 4462 rna-onnrtenrnrontr,
684 4395 822 4454 silentium
840 4409 966 4467 aramum
1017 4401 1147 4458 iuducere
1170 4401 1293 4474 possunt.
1317 4403 1347 4461 Si
1370 4420 1436 4463 tero
1457 4408 1554 4468 caluo
1576 4413 1705 4484 respicias
1727 4415 1813 4475 stellis

169 4491 253 4561 iecit,
267 4499 299 4548 tat
311 4490 596 4563 montcontour
609 4489 738 4562 deinceps
746 4488 884 4557 discipulis
895 4497 965 4557 erat,
1016 4493 1094 4565 qnasi
1107 4494 1257 4554 innotueris
1274 4493 1430 4556 distinctum
1443 4499 1539 4568 oculis,
1564 4504 1717 4582 omnimoda
1737 4507 1814 4566 uolu-

170 4599 225 4642 non
239 4583 323 4640 nodo
338 4585 412 4656 qnod
428 4593 551 4641 serrum
564 4590 654 4647 emet,
668 4581 716 4640 sed
730 4583 811 4641 edam
828 4581 901 4654 quod
918 4581 968 4638 ad·
1017 4593 1092 4656 ptats
1101 4584 1199 4647 lmerls
1207 4585 1362 4645 Creatorem
1373 4591 1463 4650 statim
1474 4603 1564 4654 mente
1574 4606 1712 4668 repuens
1726 4598 1755 4656 st
1768 4614 1815 4658 eo·-

170 4671 966 4737 utetaecederesliiecantmaniieateomniafamiliares.
1017 4677 1147 4750 melun
1155 4693 1216 4748 eos,
1227 4681 1273 4752 qui
1283 4681 1402 4740 interdiu
1412 4685 1539 4758 clamant,
1551 4689 1652 4761 rident,
1665 4691 1813 4764 casulum,

170 4768 434 4836 decumum,
453 4767 606 4828 sintedere
617 4767 721 4833 rellnt;
741 4765 792 4824 ted
810 4767 965 4824 noluerunt·
1017 4773 1134 4842 saliunt,
1159 4773 1261 4847 iniuste
1279 4785 1380 4847 aqum,
1395 4781 1514 4840 attritior
1528 4784 1648 4856 student,
1664 4788 1811 4856 minantur,

172 4861 232 4919 loe
249 4862 332 4920 otiam
346 4859 499 4921 iudilrsistu
507 4859 609 4917 imtum
622 4866 675 4918 est.
698 4859 841 4928 Nuntiate,
857 4858 972 4942 iuquit,
1017 4865 1158 4924 innumera
1167 4867 1238 4925 mnia
1248 4867 1377 4938 inierunt,
1389 4879 1476 4929 luuca
1488 4877 1602 4935 mortuis
1611 4878 1679 4935 ailad
1691 4878 1811 4949 differre,

171 4951 303 5012 dmin-st
312 4954 435 5029 penitae
443 4952 966 5026 tae.ltdaquotaodovaaaruqlrriam
1018 4957 1164 5018 lunum
1187 4975 1295 5020 otonem
1322 4965 1503 5036 armpntlaru
1525 4967 1675 5031 demmin.
1697 4969 1815 5033 Somnus

172 5063 228 5106 non
240 5049 426 5120 marmilon
437 5049 512 5106 enim
525 5046 612 5114 duic,
631 5045 756 5119 Undique
769 5045 829 5104 trac
840 5045 967 5115 omnilrus
1018 5051 1142 5120 causent,
1159 5062 1187 5110 et
1199 5061 1324 5112 nstumm
1336 5058 1494 5128 superarit:
1509 5059 1597 5133 imuqu
1616 5071 1658 5122 ett
1677 5065 1817 5127 montisel

173 5143 313 5211 ιιιιιὶιιος
325 5142 393 5209 ted»,
408 5141 554 5200 liratritttn
566 5141 603 5198 Et
612 5140 769 5198 ιιιιιιιιιίιι
779 5140 860 5196 diurn
871 5140 965 5195 Ιιιιιιιι.
1018 5145 1406 5208 connumerandum
1420 5155 1587 5225 meanis,
1598 5157 1701 5220 nullent
1720 5176 1816 5222 rouetn

172 5235 267 5310 deque
276 5235 350 5293 eninr
359 5235 587 5301 mmiatueutu,
597 5248 685 5304 troque
696 5247 757 5290 sese
767 5231 793 5287 iu
804 5225 967 5288 muliones
1017 5235 1131 5306 audac
1144 5237 1169 5296 si
1181 5237 1309 5308 mutum,
1325 5256 1419 5302 omnes
1433 5243 1624 5320 videbisquasi
1643 5251 1670 5308 in
1687 5254 1824 5326 sepulcro·

69 5381 79 5391 ,
172 5325 331 5401 inlinebat:
341 5321 966 5396 illudentiuiauiuntuulacicuaunlaqreui.
1016 5328 1148 5399 iacentes.
1162 5329 1227 5391 tuac
1240 5334 1331 5394 omnia
1344 5347 1459 5408 possunt
1469 5339 1731 5416 uulnnmoxeitare,
1741 5357 1769 5406 et
1780 5347 1815 5408 ad

172 5423 277 5494 mun,
297 5423 328 5480 q.
340 5421 479 5494 nuptm,
495 5417 738 5492 ιῳιωιηροριιι
750 5414 839 5490 (ert.
853 5415 883 5473 5.
896 5414 966 5488 id).
1018 5423 1208 5496 capitationem
1219 5431 1461 5490 uomummatiouie
1477 5431 1617 5495 inducero.

173 5513 329 5572 liudiernnt
343 5521 373 5569 ot
390 5513 484 5570 stelin
502 5509 644 5582 mequod
660 5518 733 5568 sunto
755 5507 815 5568 lior
834 5523 900 5568 teto
910 5506 968 5580 iant
1054 5518 1084 5575 l.
1099 5518 1149 5576 llio
1162 5533 1229 5578 vero
1241 5521 1308 5581 milri
1320 5529 1348 5582 et
1360 5521 1394 5580 ad
1409 5525 1482 5582 titos
1495 5534 1523 5583 et
1538 5526 1577 5583 ad
1588 5529 1715 5589 malimus
1725 5546 1816 5590 seram

174 5621 228 5664 non
240 5604 443 5678 dicilanqalus,
454 5603 584 5677 &qaod
595 5600 968 5663 nonamdecimam
1019 5617 1071 5668 est·
1087 5609 1179 5670 lilecte
1196 5628 1295 5686 quam,
1313 5614 1473 5688 tmemuco,
1491 5618 1577 5678 Doara
1593 5635 1707 5693 quemne
1726 5632 1756 5680 ut
1768 5625 1816 5684 tibi

174 5688 967 5769 eluunuadirturalutam'reuedsulidacrateulauutu
1019 5707 1059 5764 slt
1068 5706 1200 5779 propitius
1215 5726 1222 5764 ι
1238 5710 1379 5770 acutium
1390 5711 1675 5789 illaqueatus-napis
1688 5716 1816 5789 decolor,

174 5800 237 5859 est,
260 5788 693 5848 alumnumalumnum
714 5803 791 5854 malti
813 5786 968 5858 dilleliiifl
1019 5813 1081 5856 cum
1104 5800 1205 5872 requiei
1229 5811 1336 5875 templu
1354 5805 1381 5862 in
1401 5804 1505 5863 luctum
1526 5808 1816 5878 veronullscoruuru

175 5881 274 5950 labe,
301 5891 333 5940 ut
353 5897 390 5941 ne
410 5883 459 5940 ille
478 5881 578 5940 lterum
601 5881 807 5955 periciitsmtu.
834 5879 874 5938 Nc
895 5881 968 5938 euim

176 5977 396 6049 ιιιιιᾶίιωιιιιω
413 5976 473 6048 eiua
490 5975 612 6034 dicemm
622 5975 748 6049 anquam
759 5974 901 6052 eiusctte,
916 5975 968 6032 ltoo
1054 5986 1063 6017 ¹
1081 5981 1149 6050 llaec,
1163 6001 1207 6040 cur
1221 5987 1488 6056 discretationem
1498 5988 1525 6043 ln
1536 5989 1691 6058 quaeum.
