4084 6350
306 337 359 395 tm
689 334 717 391 S.
740 332 877 391 tostinus
895 330 1133 389 cttnrsbslttttl
1149 285 1309 391 luculum
1328 332 1595 395 dunstapulam.
1887 339 1937 395 tao

305 450 398 519 mittit,
421 458 453 508 ut
477 463 511 507 tte
530 448 640 506 omnino
656 449 701 506 illi
719 448 908 520 impingerent.
937 446 1003 516 Quia
1024 446 1096 502 euim
1133 455 1163 499 ’a
1178 446 1435 520 lnm‘cpremiturmt
1447 450 1526 507 talem
1540 466 1683 524 perronam
1696 462 1823 508 assumat.
1841 452 1934 522 &tque

305 546 351 601 llll
364 545 470 601 vocanti
492 558 548 599 non
568 540 795 613 obsequebantur,
818 540 958 611 illos-ipse
977 538 1099 609 seqnitur
1149 536 1201 593 ltoc
1217 529 1528 598 inhumanitatis'nostne
1544 542 1655 599 crimem·
1668 542 1736 611 Quia
1746 543 1820 599 sulm
1834 542 1933 599 nonb-

306 634 452 709 corrig'cns,
469 643 496 693 et
510 634 659 705 ltnpetiiens
683 648 717 691 tte
730 635 841 690 ulterius
861 634 886 689 in
901 632 1018 705 nequitia
1035 646 1097 704 pro·
1149 629 1372 699 eileerogamus,
1388 629 1462 689 mille
1474 634 1626 705 excogitare
1640 632 1777 689 matutinas
1791 642 1934 704 cogtmtur,

306 721 413 793 cedant,
432 726 505 782 reiut
523 733 599 797 patet·
622 725 704 795 prolis
728 738 832 789 amans,
854 725 899 797 qui
922 724 1007 779 tilium
1030 722 1098 779 lule·
1150 730 1178 775 ui
1191 721 1383 779 immanitatem
1397 733 1514 781 nostram
1525 726 1710 797 decipiantque
1721 726 1848 782 duritiem
1860 728 1937 781 emol

307 819 393 874 liciter
410 820 436 872 in
455 816 580 873 omuibus
606 822 730 888 agentem
751 816 850 887 ubique
877 814 1100 871 circumducitur·
1150 810 1224 866 liant.
1241 813 1367 885 Alioquin
1381 829 1446 872 tero
1463 818 1641 888 siargentum
1654 817 1697 872 rel
1709 832 1805 873 aurum
1819 826 1936 888 peterem

306 909 426 979 seqnitur
456 922 576 979 semper.
607 906 671 963 idco
700 922 753 961 nott
782 907 863 963 modo
896 906 1041 963 ieremitttn
1070 906 1100 960 in
1149 903 1301 973 suspirandi
1322 906 1410 961 locum
1430 906 1600 964 ltabereszsi
1616 918 1705 965 autem
1727 910 1940 980 proneoesstrio

308 1000 465 1071 AEgyptum,
479 998 527 1054 sed
548 998 628 1054 etiam
650 996 819 1054 Ezechielem
830 998 903 1054 misit
922 998 1099 1069 Babylonem.
1150 1001 1250 1048 tamum
1264 995 1326 1051 cibo
1336 1004 1363 1051 te
1373 996 1439 1065 adit,
1450 1012 1498 1053 eur
1509 998 1697 1071 intempestiue
1708 1000 1939 1071 philosophariset

308 1091 347 1147 illi
369 1106 434 1147 uero
451 1106 507 1147 nott
524 1089 755 1148 contradixerunt.
775 1090 933 1161 Quia-enirn
957 1089 1105 1166 bominum·
1149 1086 1283 1157 superflue
1296 1088 1434 1159 disputas,
1449 1092 1533 1146 otium
1546 1100 1573 1147 et
1588 1090 1721 1163 pigritiam
1736 1092 1774 1147 illi
1790 1093 1941 1161 imputans!

305 1184 382 1237 sttutn
397 1181 526 1237 'uidebant
542 1181 619 1237 ualde
631 1181 691 1237 ilios
708 1189 853 1249 amantem,
867 1180 1036 1252 ipsiqueque
1046 1180 1102 1236 boe
1149 1176 1215 1232 Nem
1227 1178 1249 1233 si
1263 1177 1321 1235 buc
1332 1179 1423 1237 disere
1433 1190 1565 1251 oporteat,
1578 1196 1630 1237 non
1641 1184 1701 1238 aliis
1711 1191 1799 1248 certe,
1810 1182 1859 1238 scd
1872 1182 1941 1236 ttobis

306 1272 414 1329 assidue
422 1272 558 1329 lecerunt:
570 1286 603 1328 ne
614 1272 704 1343 siquis
717 1286 810 1329 servus
821 1272 920 1341 probus
932 1272 1053 1327 inutilem
1064 1271 1098 1325 li-
1149 1268 1261 1323 tliesndtt
1272 1278 1344 1324 sunt.
1356 1270 1422 1326 Cum
1432 1258 1497 1342 ergo
1507 1271 1540 1327 ad
1553 1272 1634 1327 [lcum
1645 1272 1761 1337 accedis,
1774 1279 1941 1343 peceatum

307 1364 370 1418 lium
384 1362 491 1430 ridens,
501 1363 675 1419 misereretur
685 1364 754 1435 ejus,
767 1371 869 1434 patrem
881 1376 995 1421 cernens
1007 1360 1042 1417 de
1052 1362 1101 1417 illo
1151 1362 1256 1415 reniam
1274 1362 1455 1432 postulatum.
1472 1362 1530 1417 horo
1550 1363 1597 1419 tibi
1615 1364 1696 1418 rerba
1717 1364 1744 1417 in
1764 1373 1942 1418 monterone

304 1450 1006 1527 dolentem,seseqtteexcruciautem.Quidenimnon
1016 1455 1100 1525 potie-
1150 1453 1242 1516 uiant,
1254 1462 1280 1509 et
1302 1455 1433 1526 intelliges
1452 1457 1511 1510 hmo
1531 1463 1557 1510 te
1573 1470 1588 1512 a
1607 1455 1663 1511 beo
1678 1456 1779 1526 justius
1793 1456 1942 1511 attoituroo

306 1536 750 1620 banturprophetaepropter'ittost
771 1546 950 1612 Secahantur,
964 1547 1104 1618 petiolum--
1125 1613 1128 1621 Ι
1150 1558 1229 1612 csse,
1244 1560 1323 1615 quom
1343 1561 1357 1599 a
1378 1554 1405 1601 te
1420 1560 1573 1618 pauperent.
1586 1547 1710 1602 Attamen
1726 1545 1942 1615 numquamhuc

306 1640 361 1707 tur,
381 1640 510 1696 conviciis
524 1640 724 1707 onerabantur,
749 1640 942 1713 lapidabantur
960 1652 987 1695 et
1012 1639 1100 1695 miliia
1151 1634 1201 1689 tim
1213 1637 1293 1692 uerba
1308 1636 1375 1692 dixit
1389 1636 1470 1703 llctts,
1486 1636 1598 1692 Abscede
1609 1652 1619 1691 ··
1630 1650 1691 1691 ham
1706 1652 1857 1709 mmor
1868 1650 1906 1701 Β,
1920 1638 1948 1691 tlt

306 1728 477 1804 patiebantur
490 1732 596 1805 grauia:
611 1743 672 1805 post
688 1734 747 1789 bruc
759 1742 849 1789 mrtem
864 1732 954 1789 omniu
978 1732 1011 1787 ad
1039 1730 1100 1786 ilios
1151 1726 1290 1783 ecclesiam
1310 1728 1464 1805 frequenter
1480 1728 1584 1784 intrans
1596 1769 1605 1796 ,
1619 1728 1746 1800 legesque
1759 1742 1842 1783 meas
1857 1728 1943 1793 ιιιιιίις

283 1804 286 1813 ’
305 1823 610 1879 rursumaeenrrebam.
624 1822 691 1879 Nom
705 1822 814 1880 Samuel
828 1823 1011 1879 ttoncessarit
1024 1822 1100 1893 luge·
1151 1818 1178 1871 in
1202 1818 1259 1872 loro
1280 1828 1369 1875 autem
1390 1834 1504 1883 aurunt,
1523 1820 1790 1890 coucupiscentiant,
1811 1818 1947 1873 bonnm

306 1913 340 1971 re
358 1914 550 1981 statement
572 1928 667 1986 grates
697 1914 733 1969 ab
752 1914 797 1969 illo
812 1928 907 1985 passus
923 1913 1100 1969 contumelias
1150 1912 1314 1977 attuieitiam,
1335 1920 1362 1967 et
1383 1913 1474 1967 omnia
1495 1912 1629 1967 mandatis
1649 1914 1718 1969 meis
1740 1911 1948 1981 anteponis:et
1997 1959 1998 1992 ι

308 2015 406 2075 resque
420 2004 619 2071 intolerabilem
639 2006 687 2061 sed
704 2010 792 2060 tamen
807 2004 1024 2074 nullius'injuriur
1038 2020 1102 2059 me-
1152 2019 1223 2059 utine
1243 2004 1349 2074 quidum
1368 2002 1479 2058 humilis
1493 2002 1610 2066 rideris,
1626 2013 1687 2074 post
1701 2002 1895 2075 precationem
1908 2016 1948 2055 att·
1997 1995 1998 2068 i

308 2110 370 2152 mor
399 2104 468 2152 croi.
504 2096 638 2153 ieremias
661 2098 728 2154 uero
757 2097 962 2154 lamentationes
987 2097 1103 2169 scriptas
1151 2102 1204 2150 rem
1218 2091 1294 2150 iet-ox
1308 2095 1378 2160 cris,
1393 2095 1528 2159 crudelis,
1544 2094 1864 2151 inhumanus-:abscede
1878 2094 1949 2165 igitar

306 2188 459 2245 iudaeorum
471 2190 570 2260 populo
585 2191 751 2261 composuit:
763 2192 877 2261 cumque
888 2188 1032 2245 Persarum
1045 2190 1100 2244 dux
1152 2186 1229 2254 hine,
1244 2202 1293 2266 nec
1308 2203 1350 2243 mc
1365 2188 1433 2242 ultra
1446 2187 1538 2242 odeas.
1550 2186 1614 2243 liare
1626 2188 1697 2243 enim
1711 2196 1739 2243 et
1752 2187 1797 2240 his
1813 2186 1896 2256 plura
1907 2201 1950 2239 au-

306 2280 485 2335 concessisset
496 2279 534 2335 illi
545 2295 605 2335 cum
616 2280 760 2336 securitate
770 2290 795 2336 ct
806 2280 930 2335 libertato
940 2280 1100 2350 ubicumque
1151 2280 1209 2336 dire
1229 2295 1363 2335 narremur
1380 2288 1519 2334 :attamen
1541 2294 1686 2350 numquam
1710 2278 1758 2334 ille
1777 2275 1849 2348 quid
1872 2277 1953 2332 simile
1997 2315 1998 2378 l

308 2369 390 2426 tiullet
411 2370 541 2437 hahitare,
563 2369 725 2426 domuisuto
746 2368 990 2440 prnrtulitinlclicis
1010 2366 1100 2441 populi
1151 2368 1402 2441 exprobrarit,scd
1418 2370 1548 2440 patienter
1561 2372 1855 2441 iertrqumsuasttut
1866 2371 1951 2423 omnia
1997 2383 1998 2402 t

309 2462 474 2517 eottsortium
488 2468 516 2517 et
527 2462 652 2517 miseram
668 2463 694 2516 in
711 2468 781 2517 terru
795 2462 882 2517 aliena
895 2461 1086 2517 habitationem
1152 2462 1263 2534 implet,
1278 2471 1304 2518 et
1326 2462 1387 2533 plus
1403 2476 1482 2532 quam
1502 2462 1618 2533 petimus
1638 2461 1760 2533 largitur.
1778 2463 1850 2518 lime
1871 2464 1954 2534 itaque

308 2552 353 2609 Sic
366 2562 394 2608 et
405 2552 510 2625 lloyses
524 2554 604 2624 regiis
618 2552 721 2609 rudibus
735 2554 760 2608 in
774 2554 850 2625 queis
861 2544 974 2625 degebat
985 2555 1099 2623 relictis,
1151 2554 1318 2625 cogitantes,
1337 2554 1445 2622 inopum
1466 2561 1650 2623 paupertatem
1668 2553 1833 2621 solramrts;
1855 2557 1954 2631 euaosi
1997 2611 1998 2614 ,

307 2643 344 2698 tid
357 2643 531 2721 llehrcorum
544 2643 710 2700 calamitates
725 2644 855 2700 accurrit.
868 2644 961 2701 Daniel
973 2659 1039 2701 uero
1051 2660 1101 2717 pet·
1151 2643 1335 2715 aggressiones
1355 2642 1471 2707 iaciant,
1487 2652 1663 2699 ueaccurate
1681 2646 1810 2702 rationes
1824 2662 1954 2718 exposa

308 2736 366 2791 dies
381 2734 473 2807 uiginti
497 2750 544 2792 sex
562 2736 670 2807 ieiunus
693 2738 801 2803 mansit,
825 2735 875 2792 hoc
896 2752 925 2793 se
944 2737 1105 2809 grauissime
1152 2751 1223 2791 mus.
1239 2736 1338 2792 liudem
1354 2735 1451 2808 quippe
1463 2734 1842 2808 modonosquoqnesslute
1858 2740 1954 2811 indige·
1997 2719 1998 2730 ἵ

307 2828 468 2886 abstinentia
482 2842 632 2897 macerans,
650 2838 679 2885 ut
694 2829 777 2885 licum
793 2830 846 2885 illis
858 2830 985 2901 placaret.
1003 2830 1106 2885 Ettres
1152 2846 1231 2897 mus,
1251 2846 1312 2886 eum
1334 2831 1431 2898 uenia,
1454 2844 1516 2885 eum
1535 2829 1699 2901 benignitate
1716 2842 1747 2887 et
1768 2832 1957 2889 misericordi

310 2920 386 2990 pueri
401 2920 427 2974 in
442 2920 551 2976 fornace
564 2929 590 2977 ct
605 2920 631 2975 in
644 2918 719 2976 tant'o
734 2921 804 2993 igne,
815 2920 1037 2992 supplicationem
1053 2934 1105 2991 pro
1152 2939 1257 2996 stagna.
1273 2922 1331 2978 Non
1346 2933 1459 2993 possunt
1471 2923 1551 2990 enim,
1567 2937 1623 2979 nott
1635 2933 1750 2994 possunt
1763 2926 1868 2996 utique
1882 2927 1902 2981 ii
1914 2928 1956 2981 ho

309 3012 362 3068 iilis
376 3011 544 3067 emittebant.
566 3010 625 3068 Non
639 3026 696 3083 *pro
714 3028 743 3067 se
764 3012 802 3067 illi
823 3011 960 3077 dolebunt,
974 3012 1018 3083 qui
1034 3012 1100 3067 salui
1152 3020 1239 3073 retines
1251 3058 1258 3081 .
1272 3030 1385 3087 quorum
1398 3014 1451 3068 uita
1464 3014 1617 3070 aecttiatius
1627 3016 1830 3082 examinatur,
1846 3018 1956 3073 salutes

309 3114 402 3173 crant;
424 3104 471 3160 scd
489 3106 550 3178 quia
567 3114 621 3160 tum
642 3106 758 3161 maxims
775 3104 904 3176 potabant
924 3120 954 3161 se
977 3105 1101 3162 ltdtteium
1152 3113 1298 3183 eorrseqni3
1318 3112 1365 3168 sed
1383 3127 1493 3169 neccsse
1507 3121 1580 3168 esset
1600 3111 1680 3185 plecti
1695 3127 1727 3167 ac
1743 3113 1843 3183 perire
1856 3129 1957 3170 opinus.

282 3193 409 3272 xhabere
425 3197 714 3269 posse,idenproiiiis
729 3199 917 3268 precabantur.
932 3199 1103 3271 Quapropter
1153 3201 1192 3258 Ne
1206 3204 1295 3275 itaque
1307 3205 1394 3262 simus
1406 3206 1519 3260 aliorum
1533 3205 1819 3276 seuerioresjmioes,
1834 3222 1957 3262 nestro
1997 3272 1998 3289 χ

308 3287 449 3344 dicebant:
468 3287 500 3344 in
513 3289 597 3342 animo
611 3290 720 3344 contrito
735 3298 759 3344 ct
771 3290 863 3361 spiritu
876 3291 1028 3346 humititatis
1043 3307 1093 3347 sue
1152 3292 1194 3350 bis
1206 3311 1312 3369 quoque
1328 3297 1507 3354 accuratiores
1523 3297 1643 3353 rationes
1654 3299 1804 3369 exigantur
1820 3319 1827 3355 :
1845 3304 1957 3371 pecatis

308 3380 434 3466 cipiortmr
446 3378 525 3451 (Bon.
538 3381 565 3436 5.
575 3379 630 3453 59).
642 3381 754 3452 Propter
765 3381 813 3438 ltos
824 3389 852 3438 et
864 3382 946 3440 tosus
957 3385 1103 3442 testimen-
1153 3389 1225 3446 enim
1240 3393 1329 3446 onusti
1349 3405 1443 3447 sumus
1455 3433 1464 3459 ,
1478 3372 1558 3446 uenia
1570 3391 1644 3446 omni
1659 3391 1773 3464 indigni.
1783 3393 1895 3464 ltaque
1910 3395 1958 3449 illu
1997 3338 1998 3419 1

310 3481 335 3528 to
348 3489 396 3530 sua
408 3472 500 3529 scidit:
516 3483 625 3554 propter
635 3473 685 3532 bros
706 3473 834 3532 Ezecltiel
848 3475 989 3548 lugebatet
1002 3477 1104 3534 lamen-
1152 3481 1271 3537 maxime
1284 3482 1480 3552 misereamur,
1495 3480 1539 3552 qni
1556 3481 1633 3538 renio
1648 3481 1752 3553 indigni
1767 3483 1925 3552 ridentur,
1936 3497 1959 3538 a

311 3565 416 3622 tobatur
431 3565 490 3623 illos
505 3566 652 3623 trucidatos
665 3567 774 3623 ridens:
789 3575 818 3624 et
833 3567 965 3624 ieremias
978 3569 1101 3625 dicebat:
1153 3581 1181 3628 ct
1195 3572 1245 3643 ipsi
1267 3587 1358 3642 parem
1377 3573 1454 3628 nobis
1468 3571 1634 3646 curabamus
1650 3573 1882 3638 misericordiam
1895 3595 1904 3629 :
1917 3579 1959 3630 etsi

311 3656 394 3715 Sinite
414 3674 464 3727 nte,
483 3673 570 3713 errrore
587 3658 652 3728 pelo
666 3657 745 3730 (lsai.
760 3657 806 3715 22.
818 3658 857 3732 l).
882 3659 1005 3715 Antehac
1027 3675 1103 3726 rere,
1153 3673 1398 3736 quantumcumque
1408 3664 1573 3733 studeamus,
1587 3680 1732 3736 numquam
1743 3669 1911 3736 poterimus
1922 3669 1959 3724 bt·

311 3764 432 3820 cumpro
448 3750 525 3806 tonia
539 3749 671 3806 scelerum
686 3751 805 3822 ipsorum
819 3750 984 3822 impetranda
998 3753 1102 3822 precari
1154 3753 1309 3826 nignitttctu
1331 3741 1432 3811 tantam
1452 3754 1599 3820 exhibere,
1615 3763 1715 3826 quanta
1735 3771 1791 3812 nos
1808 3773 1825 3812 a
1845 3758 1958 3830 benign

311 3857 365 3897 non
378 3841 498 3908 auderet,
516 3843 659 3899 terminum
671 3843 809 3914 quaerebat
823 3842 927 3910 dicens,
954 3842 1101 3915 Usquequo,
1153 3845 1210 3901 beo
1223 3860 1291 3917 opus
1312 3845 1451 3903 lrabemua.
1474 3846 1614 3914 Quomodo
1633 3846 1714 3918 igitur
1732 3863 1791 3904 non
1810 3850 1959 3906 absonum

312 3931 419 3990 domine
433 3935 442 4006 (
455 3933 497 3990 lt.
514 3935 541 3990 6,
555 3936 586 3990 ll
607 3933 636 4008 >i
650 3943 802 3991 sanctorum
821 3935 921 4006 qnippe
930 3951 1103 4006 genttsomtte
1133 3934 1246 4004 ·iucrit,
1262 3953 1311 3994 nos
1324 3939 1350 3994 in
1366 3945 1438 3994 lanta
1452 3937 1597 4011 indigentia
1610 3940 1795 4008 constitutos,
1807 3950 1875 3996 tant
1887 3959 1959 4000 acea·

311 4041 403 4082 amore
423 4027 536 4099 proximi
558 4035 674 4083 tenetur.
699 4027 802 4083 idcireo
816 4035 844 4084 ot
865 4026 964 4084 Paulus
979 4027 1102 4084 dicebat:
1154 4039 1212 4086 rate
1233 4045 1379 4088 consertos
1401 4038 1509 4087 nostros
1532 4030 1710 4098 examinare,
1733 4039 1763 4087 et
1787 4043 1895 4088 contra
1920 4050 1959 4086 nos

310 4115 451 4174 induimini
460 4119 645 4192 erpo,ttteleeti
655 4103 1101 4188 Dnsonctimitoeromiserieordioe,
1151 4122 1226 4192 ipsos
1239 4121 1304 4177 nihii
1328 4136 1381 4178 nun
1396 4122 1498 4194 agarei
1516 4121 1573 4178 Non
1587 4120 1660 4177 enim
1675 4121 1711 4178 ita
1728 4122 1808 4178 illunt
1831 4123 1961 4180 benefice

310 4211 469 4284 moditatem,
485 4209 732 4282 humilitatenicoi.
745 4213 772 4267 3.
787 4211 842 4286 il).
1154 4225 1201 4273 tuo
1219 4216 1357 4288 indignum
1374 4215 1515 4284 declaras,
1530 4223 1560 4270 ut
1573 4217 1687 4284 teipsum
1707 4215 1756 4272 Ilei
1777 4216 1959 4289 benignitate

345 4305 373 4361 ir.
395 4301 560 4376 Eleemosynae
573 4305 815 4360 connumerarun-
828 4305 921 4362 Viden'
933 4305 1006 4362 verbi
1021 4321 1101 4363 accae
1152 4294 1278 4379 Numqui
1299 4321 1458 4366 consertum
1478 4322 1557 4362 suunt
1578 4317 1631 4363 tant
1650 4317 1780 4365 accurate
1798 4313 1959 4367 examinat.

309 4397 450 4464 rationem,
462 4406 488 4452 et
500 4397 634 4466 utromodo
646 4411 693 4450 uos
706 4405 835 4468 perpetuo
846 4395 1032 4453 misericordes
1043 4411 1103 4454 esse
1153 4400 1238 4456 multo
1251 4397 1336 4471 magis
1351 4399 1435 4454 Deum
1449 4398 1564 4470 idipsum
1579 4399 1720 4470 facientem
1732 4401 1918 4470 experietur.
1930 4401 1961 4454 Xe

309 4483 386 4545 uuiti
397 4487 455 4544 Noti
471 4489 538 4545 dixit
548 4488 620 4544 enim
634 4495 747 4556 tantum,
763 4489 935 4566 bliseremiui,
951 4489 998 4545 sed
1011 4487 1104 4544 Indoi·
1154 4493 1234 4564 igitur
1251 4491 1391 4548 aduersum
1407 4507 1456 4548 nos
1477 4491 1639 4564 loquamur,
1653 4493 1701 4550 sed
1714 4492 1832 4550 etiantsi
1854 4509 1961 4567 proper·

309 4578 374 4635 titini
381 4621 388 4646 ,
403 4569 431 4635 ut
445 4580 513 4636 sicut
529 4568 712 4635 indumentum
725 4579 863 4635 nobiscum
877 4594 984 4650 semper
995 4590 1051 4646 est,
1065 4580 1102 4635 ita
1154 4581 1286 4654 ignauiam
1306 4592 1334 4637 ct
1357 4583 1522 4639 otiositatem
1544 4583 1693 4648 accedant,
1708 4597 1868 4655 erogemus
1891 4587 1959 4656 ipis

308 4659 335 4728 et
350 4671 531 4729 misericordia
549 4672 593 4727 sit.
609 4671 664 4729 Nec
682 4671 838 4743 simpliciter
852 4669 919 4726 dixit
931 4711 939 4736 ,
951 4669 1102 4728 msericor-
1153 4673 1219 4730 Nam
1240 4673 1267 4728 in
1289 4673 1381 4729 multis
1397 4687 1446 4729 nos
1461 4688 1509 4744 per
1523 4673 1655 4746 ignauiam
1674 4689 1828 4744 perminus
1842 4717 1851 4742 ,
1868 4677 1929 4730 ineo
1949 4712 1954 4724 ι

308 4767 378 4822 tilam
387 4806 395 4833 ,
405 4779 449 4820 soc
461 4761 564 4820 Viscera
574 4764 761 4832 utiaericordiae,
771 4771 800 4818 ut
809 4761 958 4819 naturalem
968 4761 1103 4818 imitemur
1153 4765 1276 4823 omnibus
1287 4783 1295 4822 ι
1306 4779 1384 4821 neca
1399 4763 1476 4820 nobis
1488 4765 1578 4820 statim
1592 4764 1663 4821 [leus
1674 4779 1771 4835 poenas
1781 4769 1908 4835 repetit,
1923 4782 1959 4819 set

307 4837 491 4914 dilectionem.
505 4855 606 4913 lictum
627 4871 677 4914 nos
696 4856 830 4913 contraria
849 4853 962 4912 iacimus
977 4872 984 4913 ι
999 4857 1021 4914 si
1042 4857 1102 4929 quis
1153 4869 1259 4930 tempus
1272 4857 1317 4914 dat
1331 4856 1365 4914 ad
1377 4856 1562 4928 poenitentiam
1574 4899 1583 4924 ,
1596 4856 1672 4914 alens
1686 4871 1738 4913 nos
1751 4859 1889 4928 quotidie
1903 4903 1913 4926 ,
1928 4861 1959 4911 iz.-

307 4949 415 5004 obolum
437 4949 569 5019 petiturus
588 4937 717 5014 accedat,
739 4946 908 5002 contumeliis
927 4948 959 5002 ct'
974 4947 1102 5006 conviciis
1148 4947 1283 5018 satuens,
1296 4948 1412 5018 docens,
1427 4949 1524 5004 c'actera
1538 4948 1628 5004 omnia
1640 4949 1886 5016 subministrans,
1900 4963 1929 5004 u:
1941 4962 1959 4997 n
1991 5004 1993 5025 .

306 5053 460 5106 oneramus,
475 5049 658 5112 aggressorem
674 5036 711 5110 (o)
725 5051 862 5092 vocamus.
874 5035 933 5092 Non
948 5035 1100 5106 horrescis,
1152 5039 1423 5097 nosmiserieordiam
1433 5036 1668 5112 ejusaemuiemur.
1678 5039 1863 5109 Deponamus
1878 5044 1951 5095 itaer

307 5149 323 5185 n
338 5117 429 5202 homo,
443 5148 496 5188 non
511 5117 659 5198 erubescis,
673 5131 736 5186 dum
751 5145 935 5204 aggressorum
949 5147 997 5203 pto
1009 5147 1102 5188 emen·
1153 5117 1223 5188 hatte
1237 5131 1479 5196 inhumanitatem,
1498 5129 1668 5186 severitatem
1684 5129 1856 5201 ejiciamus,
1874 5141 1957 5202 utpu-

305 5210 421 5280 'dicando
433 5237 501 5294 poue
512 5223 610 5278 vocnst
624 5221 701 5290 Quod
711 5222 734 5278 si
747 5221 790 5278 hic
799 5221 996 5296 aggressionem
1010 5222 1098 5290 iaciat,
1152 5227 1196 5296 qui
1215 5221 1293 5281 nohis
1311 5225 1395 5295 magis
1414 5239 1493 5295 quam
1512 5225 1618 5280 steteris
1633 5221 1762 5279 beneficii
1780 5235 1953 5297 praesternas

307 5299 358 5371 huc
371 5325 444 5372 certe
458 5315 492 5372 de
506 5329 585 5372 causa
606 5315 788 5402 misericordia
803 5317 897 5388 dignus
912 5327 951 5373 ost
964 5359 971 5383 ,
985 5317 1047 5389 quia
1060 5318 1100 5374 sie
1152 5319 1199 5375 llis
1216 5317 1286 5374 enim
1307 5327 1446 5388 argentum
1464 5316 1578 5381 damus,
1598 5331 1714 5386 ponent,
1730 5327 1841 5375 restem
1859 5360 1869 5380 .
1891 5319 1955 5372 neb*-

1152 5425 1215 5466 tero
1228 5409 1371 5467 maximam
1387 5423 1512 5478 paramus
1529 5407 1664 5481 gloriam,
1685 5417 1747 5478 quae
1761 5423 1909 5466 sennone
1920 5425 1954 5464 rx·

271 5551 274 5560 ,
305 5473 796 5602 ,ufflwfflffffiss‘fflfflg
805 5473 1100 5589 fflfflfflfflzffi
1152 5499 1245 5604 plicat-i
1260 5499 1361 5570 tthttit.
1376 5497 1442 5553 Nam
1456 5496 1616 5602 corporibus
1629 5499 1777 5601 resumptis
1794 5500 1943 5597 itteompt

304 5600 385 5672 gendo
398 5605 445 5650 est.
459 5599 545 5665 ltaque
557 5599 947 5712 lllieptnperesttmmerant,qui
959 5601 1005 5650 sub
1015 5612 1100 5650 emen·
1152 5593 1267 5658 btltbus,
1284 5606 1335 5647 una
1349 5606 1410 5648 cum
1424 5589 1533 5647 Chttsto
1550 5588 1764 5661 glorificaturum
1779 5601 1812 5647 et
1832 5607 1953 5662 regnate

302 5663 613 5782 &ffmffiesfflfflqvq
626 5661 1098 5786 ffissjafflffiffimfflffiffl
1152 5697 1221 5741 mus.
1247 5682 1303 5738 ilos
1326 5691 1453 5755 quantum
1477 5683 1512 5738 sit
1535 5681 1597 5737 hinc
1619 5680 1759 5746 scientus;
1789 5683 1853 5736 imo
1880 5680 1952 5752 petie

272 5803 275 5814 ·
306 5781 736 5855 utiliisinlipistolamadilubrreos.
826 5853 828 5856 Ι
1153 5791 1296 5848 truntqttam
1310 5775 1381 5831 clarc
1396 5789 1466 5831 ttmte
1478 5772 1602 5831 sciemus.
1615 5770 1650 5830 tn
1661 5779 1753 5829 autent
1767 5772 1956 5831 abonisit's.
