4084 6350
145 278 193 340 tar
311 232 316 240 ’
452 306 460 321 ·
660 270 694 330 ut
710 270 870 332 mannan
888 272 1006 332 noant.
1025 273 1105 335 uxtr.
1124 274 1159 333 tl.
1179 276 1247 333 uxr.
1730 283 1801 376 ⁸⁴2*
1872 364 1878 376 ι

145 408 231 456 mare.
240 389 416 466 thuomodo
424 388 938 462 maritumoperibuserudiemuleum
990 390 1055 447 tioni
1068 400 1258 449 consentanea.
1269 390 1392 463 Alioquin
1411 393 1434 449 si
1449 393 1506 451 laec
1518 395 1545 450 in
1560 378 1662 453 lurum¹
1675 412 1783 471 praepa.

144 496 172 547 te
184 485 286 545 ridebit
303 500 355 543 nee
366 483 533 557 improbam,
545 496 597 540 nee
608 482 754 552 cariosam,
768 502 819 543 nec
827 493 938 543 ornatus
989 493 1098 550 nentur,
1111 484 1176 541 dum
1187 498 1235 543 cor
1246 486 1361 557 angitur,
1373 485 1445 559 qnod
1457 487 1651 561 lucrumtqum
1662 491 1786 547 utilitas?

144 588 289 647 amantem,
312 595 366 636 non
380 576 529 650 superduos
541 586 667 649 sumptus
679 588 864 651 expetentem,
888 578 938 637 sed
989 577 1105 635 'lantum
1122 579 1223 637 cultum
1236 594 1290 636 non
1304 572 1454 638 sinit'tlolor
1465 580 1596 653 aspicere.
1607 582 1687 639 Scitis
1698 583 1781 657 enirn,

143 674 320 747 praesentibus
337 682 509 738 contentam
526 679 590 728 tuuc
612 680 641 731 tc
660 673 845 731 consulentem
857 672 936 730 ieret.
980 671 1065 727 scitis
1090 671 1190 742 utique,
1204 670 1275 744 quud
1289 672 1313 729 si
1333 673 1396 744 quta
1409 672 1548 731 mullerem
1568 674 1687 731 omnium
1700 690 1782 731 orna-

143 768 172 825 st
186 775 276 824 autent
288 765 379 823 uerbis
401 763 612 837 philosopheris,
626 767 708 823 rebus
723 760 789 823 aero
802 768 937 822 corrtraria
990 763 1122 819 tissimum
1135 762 1234 831 rident,
1245 762 1440 823 delectarbaon
1464 774 1563 836 potest,
1585 766 1608 821 si
1622 766 1728 840 animus
1746 766 1783 825 sit

144 858 250 939 leceris,
266 866 330 913 tunc
339 857 530 929 loquacitatem
540 867 614 916 tuam
626 858 771 915 damnabit.
787 857 834 914 Sin
847 855 938 915 verbis
989 856 1016 912 in
1029 857 1223 929 moeroreaqui
1239 858 1311 914 enim
1320 857 1378 915 rult
1389 857 1529 924 delectari,
1543 858 1637 915 hilaris
1652 860 1688 917 sit
1697 874 1781 931 opor·
1845 890 1850 897 -

143 950 222 1005 simul
232 957 261 1006 et
271 948 399 1020 operibns
407 948 560 1007 doctrinam
573 949 686 1016 inieras,
706 958 769 1005 tunc
782 957 809 1005 te
822 948 937 1019 excipiet
990 956 1038 1005 tet.
1067 948 1096 1005 Si
1115 955 1206 1005 autem
1221 963 1314 1005 aurnum
1340 934 1424 1007 tntum
1448 949 1481 1007 nd
1513 950 1662 1007 ornandum
1690 950 1782 1009 uxoria

142 1051 222 1113 atque
237 1042 322 1113 magis
334 1040 533 1115 obtemperabit
547 1060 554 1097 ι
570 1049 601 1098 ut
610 1056 673 1097 cum
684 1056 778 1097 aurum
792 1054 846 1097 non
863 1054 937 1119 qum·
988 1055 1087 1114 corpus
1100 1041 1262 1111 insumptum
1276 1050 1326 1111 est,
1341 1043 1498 1115 inaequalia
1507 1044 1545 1101 rei
1557 1043 1696 1102 familiaris
1710 1046 1783 1103 nulla

71 1151 77 1162 ·
141 1150 195 1202 rea,
211 1148 298 1204 neque
309 1136 485 1214 margaritas,
500 1148 589 1205 neque
601 1136 819 1191 vestimentorum
831 1132 937 1205 magni·
988 1141 1077 1204 pateat
1090 1132 1218 1190 esaeberi
1229 1133 1359 1205 voluptas.
1370 1134 1536 1207 Quapropter
1548 1136 1571 1193 si
1581 1135 1661 1194 tultis
1674 1138 1782 1209 placere
1816 1142 1820 1149 '

141 1227 294 1293 licentiam
315 1225 365 1285 ted
385 1228 481 1285 borum
505 1227 576 1294 loco,
600 1227 767 1295 modestiam,
782 1235 935 1299 temperata·
987 1224 1065 1292 airis,
1080 1224 1178 1283 dabitis
1191 1224 1321 1297 uoluptati
1331 1225 1420 1283 locum
1431 1241 1440 1280 a
1452 1226 1651 1299 dabitiaporro,
1663 1228 1684 1283 si
1700 1229 1781 1287 talem

141 1316 216 1383 dam,
243 1316 459 1377 benevolentiam
473 1335 482 1373 a
496 1327 579 1389 utque
592 1334 626 1375 ex
639 1320 726 1389 teipsa
738 1318 797 1375 hae
817 1316 935 1389 ederes,
988 1319 1089 1374 tnltmn
1103 1326 1131 1375 et
1149 1326 1272 1375 ornatum
1287 1317 1395 1376 tollatis.
1410 1316 1475 1375 line
1490 1318 1588 1390 quippe
1597 1321 1686 1375 omnia
1699 1333 1781 1394 spon·

140 1408 282 1469 aicabillo
293 1412 388 1470 eadem
401 1413 503 1482 exiges.
524 1410 592 1467 llam
606 1411 630 1466 si
651 1411 714 1483 qnid
730 1410 764 1467 ad
776 1410 936 1481 placendum
988 1410 1084 1467 salium
1106 1409 1226 1483 tempore
1240 1406 1382 1484 quamdam
1396 1410 1523 1468 uidentur
1534 1410 1635 1469 babere
1656 1412 1781 1485 uolupta-

142 1504 245 1561 tirosit
257 1504 402 1575 agentum,
421 1504 539 1559 animam
551 1510 666 1575 oportet,
689 1518 743 1559 non
766 1517 865 1574 corpus
887 1518 935 1560 or·
988 1510 1058 1571 tem;
1074 1501 1233 1575 demumque
1246 1511 1369 1575 tempore
1382 1510 1559 1559 marcescant.
1570 1501 1780 1561 sienimcaelnm

142 1610 219 1665 aare,
233 1597 288 1652 imo
301 1594 719 1667 corrumperelleqneenimita
738 1604 765 1653 te
777 1596 934 1654 illiamabi·
987 1592 1221 1681 tamspulcbmm,
1236 1595 1321 1652 solem
1334 1602 1389 1651 tam
1411 1592 1601 1666 splendidum,
1615 1595 1658 1650 cui
1678 1594 1780 1653 nullum

141 1684 195 1740 lem
215 1700 310 1741 aumm
334 1685 440 1752 reddet,
455 1696 487 1741 nt
499 1686 676 1757 temperantia
691 1695 719 1743 ct
736 1688 933 1758 benevolentia,
987 1698 1037 1755 par
1049 1698 1109 1740 esee
1121 1674 1338 1756 corpusdireris,
1348 1684 1385 1742 ob
1396 1684 1618 1743 mometutinem
1628 1700 1682 1742 non
1696 1700 1781 1758 usquc

141 1784 222 1847 atque
230 1777 335 1834 animus
347 1777 380 1833 nd
391 1777 474 1834 uitam
486 1779 641 1849 promerito
651 1779 803 1850 ponendam
813 1792 931 1850 paratus,
987 1776 1056 1833 adeo
1068 1776 1207 1845 miramur,
1221 1777 1357 1851 quomodo
1368 1789 1491 1835 ornatum
1505 1794 1603 1852 corpus
1613 1776 1657 1836 tliu
1670 1779 1778 1836 mirabi·

142 1866 207 1923 liae
219 1870 291 1925 atres
309 1869 503 1941 capientium
517 1871 660 1928 nutansque
673 1871 824 1943 superfluus
837 1873 933 1945 nispe.
986 1868 1069 1922 muri
1080 1866 1138 1924 lloc
1150 1867 1228 1937 dico,
1248 1869 1320 1941 quud
1333 1869 1414 1927 aelim
1433 1884 1484 1927 roa
1505 1870 1593 1927 ornari
1609 1881 1672 1927 tero
1693 1870 1778 1941 cnltu,

140 1966 185 2015 oet
194 1959 309 2029 illi,rem
319 1961 478 2019 lamiliarem
490 1972 626 2032 coarctat,
636 1972 809 2035 etsumptum
818 1974 935 2023 etcuras
986 1973 1067 2031 quem
1081 1958 1179 2016 Paulus
1196 1962 1342 2032 pracepit:
1357 1958 1419 2017 Non
1431 1977 1495 2017 auro
1513 1960 1537 2017 ιι
1558 1962 1715 2035 monadia,
1732 1970 1778 2019 ant

139 2049 221 2120 parit.
234 2052 424 2123 atqueprins
436 2054 591 2123 dictasunt,
607 2056 693 2111 airum
705 2057 782 2111 uxori
795 2056 932 2127 copulant.
986 2062 1054 2108 11111
1069 2054 1198 2123 1111111111,
1220 2040 1439 2123 1111111111111111
1452 2054 1585 2121 maten,
1601 2055 1777 2125 immitti&

140 2138 331 2200 benevolentia
344 2146 453 2222 quippe,
468 2145 596 2213 amicitia,
606 2146 778 2214 desiderium,
789 2162 840 2204 aec
854 2162 933 2207 caras
985 2141 1240 2214 pietatemperapnn
1253 2143 1317 2199 lona
1327 2142 1366 2215 (i.
1376 2142 1444 2200 Tim.
1453 2144 1480 2199 2.
1491 2142 1538 2201 bet
1547 2143 1603 2217 lb).
1614 2144 1667 2205 Sed
1679 2146 1718 2203 vis
1727 2162 1777 2203 ex·

139 2230 317 2302 lactmqnee
326 2236 475 2308 impensam
487 2238 681 2312 erignat3p'rao
692 2240 858 2297 eontrarium
872 2253 933 2297 nm-
984 2232 1069 2288 ternis
1082 2231 1198 2302 placere,
1219 2233 1254 2289 ab
1269 2234 1354 2304 iisque
1377 2234 1499 2292 laudari?
1522 2234 1601 2292 Certe
1624 2252 1677 2293 non
1691 2220 1773 2294 castas

139 2324 214 2409 niun.
236 2324 353 2384 Ornatus
365 2328 474 2399 quidem
489 2328 564 2385 iiten
583 2328 777 2391 consuetudine
796 2330 931 2389 insontum
984 2322 1105 2379 mulieris
1118 2331 1161 2378 est
1173 2322 1346 2381 desiderium.
1356 2324 1421 2381 Atei
1435 2325 1514 2393 aelia,
1528 2328 1609 2383 etiam
1622 2327 1683 2385 illos
1693 2328 1777 2391 habc-

138 2413 279 2487 inqenerat
294 2434 302 2471 :
318 2416 416 2473 anima
436 2432 502 2475 vern
523 2428 634 2476 omatus
647 2420 768 2491 quotidie
779 2419 878 2489 flore„
901 2430 932 2479 aa
984 2412 1027 2469 bis
1045 2422 1073 2469 et
1086 2423 1221 2472 amatores
1235 2424 1263 2471 et
1283 2416 1414 2472 eastitatis
1428 2416 1593 2476 laudatores.
1607 2415 1682 2474 illam
1705 2419 1776 2477 enlm

138 2506 269 2576 majorem
294 2508 417 2565 amendia
429 2508 574 2565 dammam,
596 2508 687 2582 inque
700 2513 724 2568 pq
744 2514 803 2569 epm
824 2514 930 2585 phem
983 2503 1066 2559 talem
1081 2506 1221 2561 mulierem
1232 2520 1311 2562 nemo
1323 2521 1415 2579 aquus
1425 2507 1572 2565 aestimator
1583 2508 1711 2579 laudabit,
1726 2509 1775 2569 acti

138 2598 215 2665 retis,
228 2615 295 2657 omn
309 2602 425 2661 animam
445 2603 586 2672 menime,
599 2604 708 2675 pintano,
723 2605 762 2661 ,οἱ
774 2605 930 2665 pompm
983 2594 1075 2653 lasein
1090 2604 1192 2654 tanturn
1207 2607 1235 2655 et
1246 2597 1341 2655 molles
1354 2597 1493 2667 hominem
1504 2600 1559 2656 imo
1572 2616 1607 2659 ne
1625 2600 1653 2657 iti
1666 2601 1775 2673 quidem

137 2704 213 2747 cara.
226 2690 289 2749 line
302 2694 420 2751 maxime
437 2695 574 2766 attteinnt,
584 2707 611 2751 aa
629 2710 773 2768 numquam
791 2696 927 2756 desinunt.
982 2689 1146 2759 laudabunt,
1160 2690 1209 2749 sed
1228 2688 1387 2750 maledicent
1399 2732 1408 2763 ,
1422 2706 1484 2749 cum
1498 2692 1620 2752 mulieris
1638 2691 1786 2753 lasciuiam

137 2782 350 2848 iluneornatum
372 2802 426 2844 nen
444 2797 569 2847 aenaeam
582 2790 676 2857 noivit,
689 2805 743 2846 nnn
754 2790 864 2849 mannua
880 2806 929 2850 au.
981 2780 1155 2840 intuebantur
1169 2800 1177 2839 ι
1192 2782 1305 2856 probam
1328 2798 1392 2841 aero
1412 2782 1481 2842 banc
1494 2785 1633 2843 mulierem
1657 2794 1684 2843 ct
1698 2785 1728 2851 bl,
1747 2794 1774 2845 et

136 2874 207 2945 iert;
223 2880 271 2935 aad
280 2882 517 2953 carpentanorum
529 2882 685 2939 diuturnam
697 2892 804 2955 tempus
825 2886 927 2955 namn,
980 2871 1020 2931 illi
1031 2888 1178 2947 omnesque
1188 2874 1332 2933 laudabunt
1342 2894 1350 2943 ;
1362 2876 1461 2949 quippe
1473 2878 1519 2948 qui
1529 2877 1596 2933 nilnll
1609 2877 1644 2935 ab
1654 2877 1699 2934 illa
1709 2878 1773 2937 mali

136 2969 248 3029 morbus
258 2974 402 3042 consumit,
412 2975 519 3046 uimque
539 2977 622 3033 multa
639 2976 764 3047 perdant.
785 2979 927 3037 Atanimae
980 2966 1142 3038 1111111111,
1157 2966 1205 3024 11111
1219 2967 1556 3040 111110101111111111111111111
1571 2987 1578 3024 ²
1593 2985 1687 3043 11118111
1701 2962 1772 3043 apud

135 3064 205 3121 aona
222 3066 265 3122 nin
283 3069 408 3126 omnihus
419 3079 483 3127 ,unq
495 3054 644 3142 nepem
665 3072 713 3130 pq„
726 3083 837 3133 mm,
857 3076 927 3134 quq,
979 3056 1105 3117 homiues
1113 3060 1170 3116 laus
1183 3060 1279 3130 aderit,
1293 3075 1389 3133 magna
1397 3060 1467 3133 apud
1475 3060 1560 3118 benaa
1572 3077 1687 3120 mercen.
1696 3061 1771 3120 llunc

135 3154 207 3213 diam
219 3158 290 3230 parit
298 3169 327 3216 et
335 3161 494 3234 zelotypiam
506 3179 514 3230 ;
528 3162 572 3221 bic
585 3179 650 3221 aero
660 3181 677 3221 a
689 3165 783 3223 morbo
793 3168 887 3239 quovis
897 3179 926 3226 et
980 3153 1552 3246 1181)1111ἓ11111110111111111ΰ111111111111111
1565 3152 1770 3213 1111111111111·

135 3262 232 3305 arana
244 3250 328 3322 gloria
340 3252 410 3309 liner
420 3261 472 3310 ent,
488 3254 546 3311 ΗΜ
558 3263 637 3327 paean
648 3272 693 3314 ω,
703 3258 849 3318 amq&
859 3259 926 3318 pq.
979 3260 1060 3313 mua,
1074 3254 1103 3301 et
1113 3244 1201 3302 lutura
1213 3260 1411 3318 consequamur
1421 3246 1491 3304 bona
1507 3265 1515 3304 a
1535 3261 1595 3320 quar
1613 3261 1663 3304 nos
1677 3260 1771 3304 namet

134 3339 186 3397 lior
198 3343 267 3412 erit,
282 3353 310 3400 et
322 3354 469 3416 proventae
483 3347 610 3420 uberior,
631 3351 740 3422 qnando
751 3365 844 3409 aarum
868 3369 923 3412 non
977 3336 1250 3410 1111111101111811,
1263 3338 1348 3410 qratia
1362 3346 1391 3396 et
1412 3337 1577 3410 111111811ῑῦ11
1600 3337 1705 3394 1111111111
1718 3351 1770 3396 111·

132 3434 240 3503 corpori
253 3442 300 3491 ann
312 3435 530 3510 &nummatam
542 3440 604 3507 θήῃ,
618 3456 669 3498 „00
692 3457 788 3500 manu,
810 3443 922 3516 pgqpp„
976 3422 1027 3486 atri
1044 3428 1109 3487 lesu
1122 3427 1241 3500 Christi,
1262 3426 1409 3502 cui'qloaia
1428 3431 1456 3486 in
1473 3430 1575 3490 secula
1596 3432 1765 3490 saeculorum.

133 3521 181 3578 ted
194 3537 243 3594 pro
256 3528 416 3585 necessariis
429 3529 595 3602 eapendetur
606 3531 701 3588 usibus
717 3551 725 3589 ε
738 3542 768 3590 ut
787 3533 814 3590 in
832 3533 922 3591 mbam
976 3524 1074 3580 11111111·

133 3629 284 3689 morum,
297 3617 413 3678 liliomm
427 3635 519 3680 cunm
532 3625 723 3694 pannariam,
747 3625 853 3700 aliaque
874 3643 921 3684 ra·

765 3873 941 3981 numera
961 3875 1049 3940 axa
1073 3875 1128 3958 (a).
1201 3957 1205 3964 ⁴
1319 3917 1321 3924 .

130 4005 195 4066 Gna.
210 4010 256 4066 ll.
275 4024 303 4065 a.
318 4012 344 4068 l.
365 4011 429 4068 Erat
442 4023 526 4071 catena
546 4017 650 4086 qnidam
663 4017 786 4090 lonqaem
798 4019 916 4078 Lanam
975 4020 1116 4093 presentia
1129 4029 1284 4080 enatemus.
1305 4023 1417 4080 Sorores
1434 4023 1534 4101 utiliter
1548 4025 1658 4092 indicat,
1673 4031 1701 4081 et
1711 4023 1765 4088 lla·

165 4099 337 4171 alletltcnic,
357 4119 389 4159 ee
411 4107 515 4163 castello
536 4107 629 4166 llnrioe
652 4120 677 4167 et
696 4109 807 4169 llnrtioe
826 4116 922 4171 amoris
972 4117 1041 4172 mam
1053 4130 1112 4186 quae
1127 4116 1154 4172 in
1174 4116 1264 4187 aliquo
1282 4117 1434 4186 prestabat,
1460 4115 1512 4172 lanc
1532 4115 1675 4186 adjiciens,
1700 4115 1766 4172 Erat

78 4221 83 4228 ,
165 4193 230 4262 ejas.
250 4192 278 4250 ἰ.
303 4194 390 4252 dimin
411 4207 495 4255 monn
518 4211 572 4258 mot
584 4220 615 4260 ec
628 4198 921 4276 meanmtliontnan
972 4218 1058 4264 cutem
1079 4206 1166 4264 llario
1186 4224 1243 4278 qaae
1263 4205 1403 4263 Dominam
1422 4215 1529 4263 uncam
1550 4217 1689 4280 mannua.
1715 4207 1765 4266 llic

165 4295 300 4358 1119111111·
973 4299 1082 4372 qnidam
1103 4301 1279 4371 questionem
1292 4307 1419 4368 mouent,
1434 4315 1482 4356 cur
1495 4299 1625 4356 Dominus
1639 4300 1690 4356 laoc
1703 4315 1765 4357 rnu-

972 4393 1067 4450 liorem
1080 4391 1169 4450 lacere
1184 4393 1356 4464 permiserit?
1370 4392 1461 4450 Primo
1474 4393 1566 4465 itaque
1584 4393 1671 4450 discas
1685 4409 1765 4465 opor·

972 4491 1029 4550 tet,
1054 4499 1108 4540 non
1127 4483 1196 4540 hatto
1215 4497 1276 4542 ease
1291 4485 1459 4541 meretricem
1472 4483 1508 4542 de
1521 4498 1573 4554 qua
1586 4483 1725 4543 llattlraeus
1736 4495 1765 4542 et

973 4573 1071 4642 Lucas,
1093 4573 1235 4631 sedaliam
1258 4573 1398 4632 honestam
1411 4575 1563 4634 mulierem.
1579 4575 1634 4634 lile
1648 4591 1764 4648 namque

973 4667 1101 4724 mulieres
1117 4677 1195 4725 erant
1209 4667 1326 4740 peccatis
1345 4677 1448 4725 onustae
1462 4686 1469 4722 :
1490 4667 1627 4732 becrero
1639 4677 1666 4726 et
1678 4668 1764 4726 boae·

971 4768 1023 4815 sta·
1036 4769 1065 4815 et
1091 4757 1221 4815 studiosa.
1249 4757 1314 4814 Nam
1341 4757 1478 4817 Claristum
1502 4760 1629 4832 excipere
1650 4759 1763 4818 curarit.

971 4847 1068 4905 Narrat
1098 4857 1187 4906 numm
1215 4847 1395 4920 evangelista,
1419 4863 1527 4908 sorores
1545 4863 1652 4921 quoque
1674 4849 1761 4920 ipsunt

972 4943 1119 5010 amarissc;
1143 4950 1171 4998 et
1190 4952 1278 5000 tamen
1292 4941 1424 5000 Lazarum
1443 4945 1511 5000 mori
1533 4943 1664 5015 permisit.
1674 4940 1764 5012 Quare

970 5048 1037 5099 non.
1061 5025 1231 5090 nt'centurio
1252 5042 1281 5089 et
1301 5034 1426 5106 nequius,
1450 5035 1545 5092 relicto
1568 5034 1652 5090 lratre
1676 5047 1762 5104 nqro·

972 5132 1064 5192 unm,
1091 5123 1227 5181 Glaristnm
1251 5124 1438 5193 adeunt,·sed
1453 5126 1590 5194 mittenti
1612 5125 1762 5182 Admodum

972 5215 1078 5271 Christo
1093 5214 1220 5284 lidebant,
1242 5213 1511 5290 ipsiquolamiliares'
1532 5225 1623 5274 erant.
1637 5216 1762 5288 Alioquin

972 5307 1097 5363 mulieres
1109 5316 1187 5363 erant
1201 5307 1332 5376 inllrmae,
1344 5317 1373 5366 et
1387 5309 1459 5364 luctu
1472 5307 1670 5366 detinebamur.
1685 5306 1762 5377 Quod

972 5400 1042 5455 enim
1058 5413 1113 5455 non
1126 5415 1160 5455 er
1172 5409 1325 5472 contempta
1337 5401 1377 5458 sic
1389 5400 1527 5469 iecerint,
1545 5409 1638 5472 postea
1650 5401 1762 5458 mnatr-

160 5475 198 5574 (ᾖ)
214 5509 282 5563 112OE
292 5513 415 5565 nomiliam
427 5523 454 5568 et
464 5516 670 5583 dammum
686 5521 788 5572 ,dmm
804 5520 864 5572 oum
875 5529 918 5573 m,
971 5497 1100 5544 strarant.
1122 5487 1200 5556 Quod
1221 5488 1301 5560 igitur
1314 5489 1373 5547 baec
1394 5489 1438 5546 illa
1451 5504 1505 5545 non
1517 5498 1591 5546 essct
1606 5491 1694 5563 palam
1711 5498 1762 5547 est.

128 5575 249 5623 tranenses
262 5578 404 5641 tspompui
422 5587 496 5630 anno
517 5583 625 5633 secundo
647 5580 801 5634 bibliothecae
813 5591 917 5646 eanum,
970 5579 1119 5649 Sedillam,
1135 5581 1249 5652 inquies,
1265 5597 1312 5639 cur
1323 5582 1432 5640 admisit
1445 5581 1588 5638 Christus?
1607 5591 1636 5637 ut
1647 5583 1763 5638 solueret

127 5633 839 5766 ffqtssssnssffldffgfnssffioffiufflffiffffiffl
860 5659 918 5758 ‚gg
972 5672 1139 5743 nequitiam,
1170 5681 1199 5727 ut
1222 5672 1412 5730 humanitatem
1436 5671 1595 5740 exhiberet,
1619 5683 1650 5728 ut.
1675 5673 1762 5730 discas

128 5758 291 5822 raeomprrn.
377 5799 380 5804 .
971 5763 1072 5818 nullttm
1090 5777 1150 5820 esse
1171 5764 1305 5836 morbum,
1330 5765 1457 5838 quiajos
1477 5765 1623 5826 bonitatem
1643 5773 1759 5836 superet.

164 4423 192 4479 l.
221 4423 358 4483 AEmntnoe
377 4429 467 4485 amicit
491 4428 541 4485 Dei
570 4431 680 4488 maxime
705 4433 923 4504 campeanam

130 4515 217 4573 dorin
238 4536 325 4576 amore
347 4518 445 4577 basam
464 4525 579 4596 panetio.
594 4523 718 4580 -llulti
733 4539 795 4582 cum
816 4528 922 4598 aliquos

127 4609 222 4665 vident
242 4610 365 4668 homines
389 4613 445 4670 lieo
462 4624 599 4686 acceptos,
622 4619 650 4672 in
664 4632 813 4674 erumnam
825 4633 921 4690 quarn-

126 4701 213 4771 piam,
237 4712 268 4761 nt
280 4705 416 4774 morbum,
433 4718 631 4779 paupertatem,
644 4719 693 4767 aut
702 4711 767 4782 qnid
779 4713 867 4770 simile
878 4714 923 4770 ia·

128 4793 237 4862 cidisse,
250 4795 447 4866 perturbantur,
469 4799 551 4856 nescii
572 4800 631 4857 ben
649 4801 743 4858 amieis
764 4802 922 4862 mmanme

128 4897 290 4955 competere.
313 4889 379 4946 iiam
397 4890 515 4949 Lazarus
529 4908 562 4950 ex
575 4893 675 4951 librimi
690 4896 784 4953 amicis
795 4907 870 4966 erat,
892 4908 922 4956 et

129 4970 314 5040 indrrnabatnr
333 4997 341 5033 ι
363 4981 391 5036 id
411 4983 483 5052 quod
504 4983 630 5042 dicebant
652 4986 671 5040 ii
694 4987 740 5058 qui
766 4988 919 5046 miserant:

129 5061 197 5119 Ecce
212 5081 284 5136 qnam
304 5085 376 5123 omas
394 5072 550 5141 infimaretur.
574 5075 629 5132 Sed
647 5076 736 5133 looum
750 5079 830 5135 altius
843 5094 921 5152 repc-

128 5163 227 5211 tamus.
251 5156 324 5223 Erat,
345 5159 441 5231 inquit,
461 5164 563 5234 qnidam
576 5168 699 5241 tanquam
711 5167 826 5225 Lnaarm
839 5188 856 5226 c
868 5170 920 5226 lie·

129 5247 229 5304 tinnio.
247 5249 305 5306 lion
315 5249 363 5307 abs
382 5269 412 5310 re
425 5255 495 5311 dixit
507 5258 579 5314 ande
592 5269 664 5318 essm
674 5259 802 5328 Lazarus,
825 5263 874 5318 sed
887 5278 919 5318 ea

128 5338 165 5395 de
180 5353 270 5407 musa,
293 5357 373 5412 quant
395 5353 488 5414 postea
511 5346 631 5406 dicturus
654 5358 705 5407 eat.
725 5350 835 5408 interim
855 5367 920 5409 tero
