4084 6350
148 337 206 415 qr
631 330 663 391 m
682 327 773 391 turs
789 302 1055 394 tresanutbtutt.
1075 316 1191 395 uouit.
1212 312 1334 397 xxxii.
1747 317 1801 405 ssn'

148 469 209 518 rent
223 468 285 512 esso
296 466 416 511 omnam.
430 448 523 524 ileqne
536 448 608 506 enim
626 448 671 522 qui
690 442 796 520 semper
809 439 945 534 censensi,
999 442 1082 507 relat.
1097 451 1142 510 Sic
1155 464 1182 513 et
1194 436 1354 513 illicietror
1368 448 1492 530 Serpens,
1508 456 1640 513 descende.
1653 454 1712 515 Nun
1726 460 1799 517 enirn

147 553 194 611 iric
207 564 262 609 noa
274 546 415 615 cessisset,
428 546 474 618 qui
487 545 523 601 ite
538 538 649 601 mutum
661 543 778 611 amabat,
792 552 821 597 ut
832 540 946 600 antelmo
999 527 1088 599 incilia
1096 546 1258 617 operabatur
1266 548 1393 625 Spiritus,
1402 539 1645 623 sedeatisera'tipsi
1653 551 1797 607 somnium.

148 652 284 720 quareret
297 658 359 700 cum
374 638 461 708 an'si,
475 648 503 696 et
514 630 550 695 iri
563 629 699 708 apostoloi
714 630 800 707 ipsuis
820 634 946 693 intrudu·
997 630 1234 711 ioscpiroquoque
1244 638 1322 699 tacite
1332 628 1454 701 credenti
1464 644 1598 701 sonrrriutn
1609 654 1729 717 apparet,
1739 644 1799 701 aliis

146 746 241 808 cerei,
256 743 283 793 ct
301 730 500 807 eleemosynarii
513 724 683 787 communem
700 727 819 798 iaceret,
833 737 860 785 et
873 706 945 800 quoti
998 740 1066 815 nero
1078 726 1156 785 risio.
1169 728 1207 787 ltn
1223 743 1251 789 et
1264 730 1391 791 Cornelio
1408 727 1436 791 ei
1457 734 1520 793 huic
1541 733 1602 809 ipsi.
1620 732 1655 791 Et
1669 752 1736 802 eree,
1751 736 1796 791 in·

146 837 181 893 ad
205 834 301 905 omma
327 826 422 886 attinet'
439 869 448 895 ,
470 824 648 882 communiter
671 814 829 893 susciperei.
853 810 946 893 linque
999 820 1067 895 quit,
1082 822 1121 877 uir
1134 820 1331 893 Haemoniam,
1346 823 1480 883 obsecrans
1497 832 1521 882 ei
1535 824 1630 883 diceus.
1646 824 1705 883 Nou
1719 824 1798 897 nint,

145 944 201 986 non
215 932 325 999 propter
335 922 471 978 benenom
487 916 570 975 inditis
580 911 685 973 iniss'et.
699 912 754 973 Sed
767 902 943 984 separamur,
998 913 1173 987 precipiens,
1186 914 1234 975 sed
1250 916 1407 1003 discornat:
1419 905 1445 977 iti
1458 929 1510 985 est,
1525 937 1574 992 pro
1594 920 1627 977 iis
1650 920 1695 993 qui
1717 937 1798 1004 cura-

144 1031 174 1077 nt
186 1021 310 1082 docent,
323 1024 350 1071 et
360 1028 408 1084 per
417 1007 615 1081 separationem
630 1021 687 1075 eus,
702 1006 748 1077 qui
762 1003 882 1061 doctrina
895 1016 944 1059 sua
997 1006 1073 1065 tione
1087 1023 1155 1081 opus
1172 1008 1317 1069 habebant.
1338 1003 1407 1083 Quid
1422 1022 1475 1082 est,
1486 1000 1559 1069 'Certi
1571 1013 1633 1088 {arti
1641 1012 1655 1071 i
1675 1012 1731 1069 linc
1745 1021 1797 1083 est,

146 1113 275 1183 egebant.
291 1108 433 1164 instituant
449 1119 456 1160 t
470 1102 499 1158 rit
513 1100 592 1158 etiarn
607 1096 671 1156 alibi
687 1092 752 1155 iniit
762 1095 874 1154 dicens:
892 1096 944 1153 tos
997 1100 1193 1175 conjectantes,
1207 1101 1366 1162 inferentes.
1378 1089 1446 1161 Nam
1461 1106 1532 1179 quod
1546 1106 1646 1163 Paulus
1659 1104 1757 1162 viderit
1770 1116 1799 1164 et

144 1196 452 1270 nntemacdesn'tipeniini
461 1190 553 1251 ionum
564 1185 732 1265 (orientali.
745 1185 833 1246 imre.
845 1191 871 1247 5.
885 1180 942 1261 ii).
997 1205 1078 1249 nenio
1089 1195 1167 1261 aliut,
1182 1203 1210 1252 et
1227 1189 1300 1268 quoti
1313 1188 1464 1267 prohibitus
1475 1192 1511 1254 sit
1524 1214 1538 1252 a
1551 1196 1663 1270 Spiritu,
1684 1208 1711 1253 et
1725 1194 1797 1269 equod

145 1298 181 1353 tit
199 1296 267 1353 nlius
280 1292 388 1365 quidem
407 1290 547 1358 increpat,
565 1284 641 1356 iubet
662 1293 752 1341 autern
772 1283 840 1339 bene
854 1279 944 1339 iacere
997 1284 1025 1340 in
1045 1288 1167 1343 terminis
1182 1297 1282 1366 essent,
1299 1302 1334 1344 ex
1349 1288 1392 1345 bis
1412 1282 1539 1347 carnibus
1554 1288 1611 1345 lraee
1633 1289 1795 1345 iuicrebaut.

144 1404 208 1461 erga
234 1381 339 1442 opines.
362 1382 420 1439 lion
441 1382 522 1437 etiam
544 1379 571 1435 ln
590 1374 784 1434 consuetudine
799 1374 940 1436 babemus,
969 1422 975 1429 .
996 1375 1123 1449 Alioquin
1139 1380 1274 1451 navigatio
1288 1379 1353 1436 iilud
1369 1380 1520 1437 indicabat:
1535 1372 1622 1455 neque
1640 1384 1712 1437 enim
1729 1379 1798 1435 mul·

145 1483 195 1538 ilie
208 1489 297 1534 nutam
312 1476 376 1531 mibi
389 1473 516 1530 ridentur
529 1470 574 1528 alii
587 1485 694 1542 quoque
707 1468 835 1540 indignati
845 1482 905 1523 csso
916 1467 942 1523 iu
996 1474 1054 1524 tum
1070 1478 1175 1542 tempus
1188 1482 1256 1539 erat,
1273 1488 1326 1545 quo
1345 1474 1374 1529 in
1398 1473 1472 1529 iliam
1495 1470 1657 1530 liaeeduuiae
1678 1472 1796 1529 radicem

144 1572 268 1629 Paulum.
282 1570 315 1624 lit
326 1574 417 1639 postca
428 1566 485 1633 ilie,
500 1565 564 1635 ipsis
574 1573 696 1619 seorsum
709 1562 842 1626 adduciis,
853 1561 942 1616 omnia
995 1560 1136 1623 venerant.
1148 1568 1236 1639 litque
1249 1568 1285 1624 ita
1296 1566 1430 1624 dissensio
1440 1569 1541 1625 utiliter
1552 1568 1658 1639 provisa
1674 1567 1733 1623 luit.
1743 1566 1797 1622 Ne-

146 1664 221 1728 ionit,
236 1672 339 1728 munet,
354 1659 484 1715 lturtrtur.
501 1657 580 1712 linita
594 1664 683 1727 potest
693 1653 848 1721 concordia,
860 1656 943 1710 multe
996 1672 1049 1729 que
1063 1658 1134 1715 euim
1149 1661 1215 1717 alins
1229 1658 1346 1731 Spiritus
1356 1656 1466 1719 sanctus
1478 1672 1605 1732 operatus
1614 1672 1696 1723 esset,
1710 1676 1797 1732 neque

143 1756 245 1810 earlins
256 1771 264 1807 ε
275 1750 379 1807 etiamsi
391 1763 442 1823 iiii
452 1759 482 1805 ιθ
492 1762 587 1818 ilidii
601 1760 688 1818 ¹⁰8⁹&
700 1746 805 1802 iiiimtti
820 1737 943 1817 ittt'iignns
995 1748 1152 1808 llieedunia
1165 1755 1277 1810 verbum
1291 1741 1463 1827 suscepissci.
1478 1749 1581 1813 'i'arr'tris
1596 1756 1660 1811 iero
1676 1755 1720 1811 ille
1731 1769 1795 1825 pro·

144 1846 200 1911 sis,
215 1835 326 1915 propte?
339 1839 506 1911 propositum
518 1838 651 1900 indietis.
667 1851 702 1894 tio
714 1838 819 1893 limess-
832 1834 942 1892 Petim-
995 1838 1082 1900 iectus
1096 1846 1200 1919 signum
1216 1854 1284 1910 erat,
1298 1863 1354 1903 rem
1366 1832 1468 1920 sesiam
1482 1864 1534 1911 puri
1544 1832 1626 1903 iuisse
1638 1846 1793 1903 burnanam.

145 1938 258 2002 bemont,-
272 1935 368 2005 inquit,
379 1933 501 1988 rentem
513 1930 549 1986 tn
559 1946 616 1988 ecee
628 1940 682 1987 erut
693 1928 833 2004 discipulas
842 1930 943 1986 nuntiis
995 1938 1077 2006 iltqui
1088 1953 1140 1992 nou
1153 1935 1230 2005 dixit,
1241 1935 1390 1997 barnabam
1404 1920 1597 1997 eiicerltntum
1612 1940 1711 2003 luisse:
1727 1940 1787 2005 sed,

146 2027 311 2093 inmotam,
328 2027 373 2096 qni
392 2025 564 2086 testimoniam
578 2022 714 2079 hadoindo
736 2022 876 2095 fratribus,
899 2024 943 2095 qni
995 2025 1069 2084 iuter
1083 2030 1142 2084 iilos
1155 2030 1279 2087 dissensio
1289 2030 1348 2103 init.
1362 2030 1391 2090 si
1412 2034 1456 2090 bic
1470 2034 1646 2090 exacerbatus
1669 2048 1722 2087 non
1741 2042 1793 2101 est,

145 2136 218 2180 munt
230 2124 328 2198 Lysiris
341 2136 364 2182 et
377 2124 470 2183 iconii.
485 2122 577 2199 usqne
592 2123 659 2182 ddes
669 2126 677 2158 ¹
687 2124 833 2189 Timothei,
847 2124 892 2194 qui
908 2122 942 2178 ab
995 2124 1084 2192 ireque
1097 2120 1153 2177 ille.
1678 2118 1680 2125 ⁴

144 2220 267 2275 omuibus
279 2219 460 2276 testiinonium
475 2218 563 2277 babet.
578 2219 690 2285 otiando
705 2218 826 2275 discessit
838 2217 941 2272 tortin-
1032 2216 1059 2271 5.
1081 2214 1145 2271 llrnc
1159 2232 1220 2272 curn
1231 2204 1358 2299 sciamus,
1378 2234 1412 2274 ne
1426 2217 1607 2287 perfunctorie
1619 2208 1795 2288 itinereipia-

143 2312 323 2377 bas,alternrn
335 2312 384 2386 ipsi
395 2327 486 2385 parem
497 2311 607 2369 inscruit.
624 2306 721 2369 liebuc
732 2312 829 2381 inquit:
843 2310 941 2365 liceum
994 2324 1066 2373 mus,
1082 2310 1130 2367 sed
1150 2308 1286 2368 discamus
1302 2322 1330 2369 et
1352 2312 1538 2378 instituamur;
1558 2326 1646 2383 neque
1669 2314 1740 2367 eninr
1756 2320 1796 2367 te·

142 2404 315 2477 inciqrnnrrrm
329 2415 429 2461 tuamor
444 2414 468 2460 et
482 2404 542 2476 idel
556 2415 607 2461 tua
617 2422 669 2461 non
679 2406 821 2468 siumintne,
836 2402 942 2475 quain·
994 2416 1070 2458 mere
1084 2402 1214 2473 scriplum
1228 2414 1278 2460 est.
1289 2402 1411 2476 linguam
1422 2402 1521 2459 malum
1534 2414 1576 2459 est
1589 2406 1713 2473 iqmnnre
1722 2402 1796 2459 Scri-

142 2498 264 2553 ltabituoit
274 2497 392 2568 minoia
401 2498 459 2553 enin
470 2504 515 2552 tun
526 2494 617 2562 Laide,
626 2506 650 2552 et
664 2496 690 2551 in
701 2505 781 2550 matre
790 2504 834 2549 tun
847 2494 943 2550 Eunire
994 2493 1104 2565 pluras:
1115 2510 1131 2551 a
1144 2494 1241 2566 quibus
1253 2496 1339 2567 juvari
1356 2503 1503 2566 oportent,
1515 2496 1549 2553 ab
1564 2497 1596 2553 iis
1607 2496 1739 2553 laedimur.
1748 2494 1794 2553 Sic

143 2591 184 2657 li.
193 2590 260 2645 Tin.
274 2589 379 2663 lii).
391 2591 571 2658 Etmoumenr,
583 2588 678 2661 iuquit,
690 2589 763 2645 ilium
772 2588 940 2645 circumcidit.
994 2586 1148 2658 frequenter
1158 2586 1302 2658 pharmaca
1314 2588 1367 2642 rim
1379 2586 1505 2645 medendi
1516 2586 1653 2651 balrentin,
1663 2604 1724 2645 curn
1735 2587 1795 2658 cius

143 2682 202 2750 Qrts
214 2682 250 2739 de
259 2694 340 2739 eausa
354 2682 411 2753 ipsc
423 2682 506 2749 addit,
521 2682 633 2739 diceris:
647 2681 756 2751 Propter
770 2681 886 2745 iudans,
897 2680 941 2753 qni
994 2686 1074 2734 osum
1088 2680 1213 2736 nesciunt
1227 2681 1273 2751 qni
1292 2678 1338 2735 illa
1353 2678 1492 2742 adhibent,
1510 2688 1607 2735 nocent
1620 2693 1651 2733 ac
1673 2692 1795 2747 pessum·

143 2783 218 2829 eram
230 2775 258 2829 tp
272 2776 336 2830 iperi
346 2774 408 2831 trite,
425 2772 486 2831 ideo
498 2787 563 2845 ergo
575 2765 789 2839 circumceptum-3
806 2772 846 2828 pei
861 2773 941 2828 eptam
994 2759 1060 2819 dant
1070 2782 1077 2819 :
1089 2772 1117 2819 et
1129 2779 1204 2820 artua
1219 2779 1279 2836 qum
1293 2770 1406 2835 possunt
1419 2762 1498 2828 tueri,
1515 2762 1566 2819 nisi
1580 2764 1640 2836 quis
1652 2771 1728 2819 recte
1740 2763 1795 2818 cir·

142 2872 256 2937 propior
274 2864 388 2935 palpem,
409 2866 454 2937 qni
465 2864 719 2938 gentiiismpnfibat,
735 2863 805 2931 Ergo
820 2880 873 2921 non
889 2866 942 2921 cir-
993 2851 1318 2927 cttmponal‚iistttetttettt
1328 2857 1569 2927 liminium-Callia
1580 2871 1646 2913 tero
1659 2864 1710 2921 eii,
1721 2851 1794 2927 (illoti

141 2959 279 3015 pampinus
293 2970 361 3017 emp,
379 2959 447 3017 vide
457 2957 513 3031 jam
528 2960 645 3016 potatam
659 2959 755 3031 legem,
766 2958 879 3027 Quidam
892 2971 942 3013 au.
993 2946 1083 3003 omnia
1108 2947 1194 3019 nangis
1208 2963 1371 3019 qumrnmus,
1386 2964 1465 3020 quam
1481 2948 1579 3005 antima
1593 2947 1750 3016 utilitatem
1765 2958 1794 3003 et

141 3058 198 3106 rem
218 3058 311 3123 purant
335 3052 409 3107 tunm
431 3060 491 3123 ρος,
511 3051 730 3123 piaedtffittpnem
744 3061 836 3106 narum
857 3062 939 3117 eese;
992 3040 1044 3096 nlla
1059 3042 1145 3111 magis
1156 3050 1321 3112 spectemus,
1336 3056 1417 3113 quam
1430 3040 1574 3098 utilitatem
1590 3050 1723 3097 nostram.
1737 3041 1793 3096 llo-

143 3146 193 3203 ecd
206 3144 297 3202 iursatt
312 3144 364 3201 boc
379 3162 431 3202 nnn
446 3156 497 3203 est.
512 3146 551 3202 Ab
562 3142 671 3217 infantia
685 3160 766 3213 mam,
782 3144 882 3216 iuquit,
896 3160 939 3198 sn-

143 3253 202 3295 erns
222 3237 307 3295 iterus
320 3238 398 3294 nosti.
417 3235 486 3299 illud
502 3239 583 3311 igitur
596 3237 638 3294 est
649 3237 810 3305 dicendum;
824 3237 867 3294 rel
885 3233 941 3292 iur'-

144 3337 227 3392 tasse.
241 3333 302 3402 quia
318 3331 395 3387 illum
405 3331 583 3388 *ordinaiurns
597 3339 657 3388 crat
666 3331 833 3401 episcopum,
845 3337 870 3385 et
887 3344 939 3385 nou

143 3421 257 3480 decebat
278 3423 495 3479 incircumcisum
519 3435 589 3480 esse.
613 3421 672 3479 Jarn
699 3432 789 3478 autem
815 3419 941 3493 gentibus

143 3515 213 3571 nilnl
231 3505 284 3572 tale
300 3517 460 3572 emendum
474 3527 541 3572 erat.
558 3512 650 3587 licque
662 3514 713 3571 buo
729 3505 840 3586 paruum
861 3523 938 3584 erat,

144 3607 251 3680 quando
264 3616 324 3680 post
338 3615 442 3664 tantum
455 3613 560 3679 tempus
573 3609 624 3663 buo
634 3606 686 3663 illis
698 3601 859 3664 odeardiculo
869 3613 938 3663 erat.

143 3701 251 3758 initium
274 3701 456 3774 sbrugadonis
474 3713 541 3771 erat,
565 3690 638 3776 quod
663 3699 777 3774 g'entiles
803 3699 859 3759 line
886 3717 939 3757 non

144 3805 283 3854 mererent
296 3811 383 3869 neque
396 3785 457 3854 irinc
470 3796 647 3861 lederentur,
661 3788 780 3867 nihilque
794 3796 883 3853 minus
893 3795 941 3851 lra-

144 3887 241 3945 berent
253 3889 325 3946 elren
338 3887 419 3947 idern
432 3907 439 3945 :
453 3886 549 3961 sponte
561 3889 669 3947 demum
679 3889 853 3946 desistebant.
872 3889 939 3959 Quia

145 3981 225 4052 igitur
246 3979 440 4053 prndlentnrns'
457 3991 527 4050 erat,
544 3982 577 4039 irc
596 3983 738 4054 dupliciter
752 3993 881 4056 pungeret
893 3983 941 4040 Ju-

144 4073 237 4142 daeos,
252 4073 322 4130 burro
333 4073 511 4141 circumcludi,
527 4070 649 4146 quamvis
661 4061 695 4132 eit
713 4073 823 4131 dimidio
836 4084 939 4131 tanturn

145 4173 228 4233 esset,
244 4176 320 4236 petre
335 4167 439 4238 gentili,
457 4176 543 4223 matre
559 4166 640 4222 fideli.
661 4169 785 4222 Attamen
800 4167 862 4237 quia
880 4183 939 4222 ma-

145 4273 228 4329 gnam
240 4268 298 4316 erat
312 4269 379 4328 oprts
393 4259 461 4328 boc,
481 4260 553 4331 qnod
571 4259 642 4316 inter
654 4258 748 4330 qeu'tes
762 4258 814 4315 hoc
827 4267 939 4330 ageret,

145 4364 200 4406 non
220 4352 323 4408 curarit
341 4350 426 4420 iliud,
441 4351 582 4422 oportebat
596 4349 667 4407 enim
686 4351 797 4406 reibum
817 4351 940 4408 dissemi-

139 4443 204 4497 nari
215 4459 224 4495 t
234 4442 297 4498 ideo
315 4451 342 4498 et
360 4443 419 4513 ipse
437 4440 513 4499 ilium
529 4443 703 4499 circumcidit.
719 4441 769 4499 liic
785 4445 866 4500 etiam
880 4444 941 4503 ride

147 4533 211 4590 mm
232 4549 249 4590 e
269 4537 405 4591 contrario
425 4535 530 4592 ridetur
544 4550 634 4606 apere,
653 4533 779 4606 inagnum
803 4523 939 4608 peractum

146 4627 259 4683 bonum.
281 4623 315 4681 Et
334 4625 499 4682 mandabant
517 4643 631 4694 amiton,
647 4627 742 4698 inquit.
762 4627 939 4702 Videu'quo-

146 4719 227 4776 modo
246 4735 301 4777 nnn
323 4720 411 4776 solum
429 4721 497 4776 nibil
519 4721 641 4776 nocuerit
654 4719 835 4792 circumcisio,
849 4722 897 4779 sed
912 4734 940 4781 et

149 4811 290 4880 plurimum
302 4808 458 4884 pomoerii?
471 4811 598 4870 Uinntem
613 4813 733 4869 oisionern
745 4813 822 4883 uidit,
836 4815 938 4883 rtatim,

147 4905 242 4976 inquit,
259 4907 421 4977 „monn
434 4907 563 4980 propero
574 4907 603 4962 a·
616 4906 808 4976 annonam,
823 4909 886 4966 mre
899 4893 926 4983 ι’

147 5000 181 5052 cti
193 4997 262 5064 qued
272 5008 383 5055 uosmet
393 5017 440 5056 nas
450 4999 529 5057 Deos.

188 5091 319 5149 Vicianum
329 5101 353 5148 et
363 5096 520 5150 romanoram
529 5095 667 5150 diremtio.
676 5123 712 5137 -·
725 5095 801 5162 vioe,
817 5111 872 5154 nun
881 5098 938 5168 jam

147 5199 195 5252 por
216 5183 352 5255 angeium,
364 5192 394 5239 ut
402 5184 529 5257 Philippo
541 5196 570 5240 et
584 5185 724 5253 Cornelio;
736 5189 783 5243 sed
796 5189 878 5259 quiri?
888 5191 941 5248 Per

145 5280 279 5336 visionem
290 5287 401 5350 apponet
412 5279 464 5350 ipsi
483 5279 610 5349 deinceps
633 5284 750 5336 humano
774 5298 860 5349 ultore,
885 5301 938 5342 non

146 5373 246 5427 diriuo.
261 5369 313 5428 titt
324 5371 396 5426 enim
410 5369 515 5428 bacillus
525 5381 583 5426 erat
594 5373 767 5444 persuadere,
778 5373 937 5443 humanius,

146 5465 192 5520 ubi
205 5479 301 5535 marna
311 5465 353 5520 nis
366 5463 577 5528 desiderabatur,
593 5465 718 5521 divinius.
730 5466 796 5522 Nam
810 5469 856 5524 ubi
869 5484 939 5540 prae-

112 5539 117 5573 ²
145 5557 238 5614 dicero
257 5555 403 5613 iestinmm
423 5556 521 5622 solum,
537 5557 573 5613 ibi
587 5557 721 5613 somnium
742 5559 793 5630 ipsi
812 5571 937 5635 apparet;

145 5653 192 5710 obi
203 5664 269 5709 reru
283 5650 430 5723 predicere
445 5665 499 5708 non
509 5651 699 5719 sustinebatur,
715 5654 751 5710 ibi
763 5653 879 5727 Spiritus
892 5673 938 5715 re·

179 5822 604 5900 'mmmmm
678 5848 682 5855 ·

993 3148 1054 3189 mtrs
1072 3144 1146 3190 certe
1159 3132 1314 3190 lirinitatem
1330 3149 1402 3205 sape
1420 3134 1576 3206 querimus,
1603 3148 1653 3190 nec
1675 3133 1792 3204 patimur

992 3220 1069 3280 iliam
1083 3233 1218 3281 vetustate
1232 3235 1371 3282 nutantem
1383 3227 1425 3282 vel
1439 3225 1575 3282 labentem
1587 3225 1689 3289 ridere,
1706 3241 1792 3296 neque

992 3323 1178 3386 atempcstnte
1190 3316 1384 3386 periclitantem
1394 3315 1442 3372 :de
1451 3319 1611 3372 animarem
1621 3317 1692 3372 nulla
1705 3331 1787 3373 eura:

992 3401 1040 3465 iet
1055 3407 1163 3464 etiamsi
1179 3407 1353 3465 lundamcntn
1368 3409 1429 3479 ciui
1444 3409 1550 3466 inirma
1569 3409 1718 3473 rideamus,
1731 3411 1793 3466 licet

992 3507 1021 3558 ct
1031 3509 1197 3558 structuram
1212 3507 1239 3556 et
1254 3510 1354 3558 tectum
1368 3501 1480 3573 perinde
1495 3501 1611 3570 lrabere;
1627 3501 1728 3559 nullam
1739 3501 1790 3557 ltu-

992 3610 1052 3652 rum
1065 3595 1198 3651 rationem
1213 3593 1353 3650 babemus.
1373 3595 1438 3651 item
1451 3594 1475 3652 si
1490 3604 1612 3652 arntentn
1633 3595 1790 3666 babeamus,

992 3688 1058 3760 quid
1072 3687 1124 3743 illis
1137 3687 1224 3758 prosit
1236 3687 1394 3758 quaerimus,
1411 3683 1590 3760 ductoresque
1608 3704 1640 3745 ac
1659 3689 1789 3753 medicos,

992 3794 1155 3854 amnemque
1165 3777 1281 3852 lapidem
1294 3781 1471 3837 monemus¹2
1484 3781 1578 3838 dontius
1593 3797 1700 3853 quoque
1711 3797 1792 3839 cura-

992 3875 1064 3939 inus,
1078 3881 1106 3929 et
1120 3885 1167 3927 eos
1181 3873 1279 3944 quibus
1294 3873 1353 3927 brec
1365 3871 1511 3928 commissa
1524 3881 1586 3930 suut
1596 3873 1746 3940 hortamur,
1761 3884 1790 3931 ut

992 3983 1047 4024 non
1061 3977 1163 4025 temere
1176 3967 1220 4024 rel
1232 3964 1414 4039 perfunctorie
1433 3965 1555 4038 jumenta
1568 3967 1686 4038 abigant,
1703 3983 1790 4039 neque

992 4071 1074 4117 onera
1089 4055 1237 4132 imponant,
1259 4056 1301 4114 rel
1326 4059 1486 4128 intempesta
1504 4067 1582 4114 tructe
1601 4057 1727 4124 educant,
1744 4060 1789 4112 vei

991 4151 1120 4206 alimenta
1134 4149 1308 4215 renuutdent,
1326 4150 1470 4219 multaeque
1489 4148 1562 4218 leges
1576 4145 1646 4217 apud
1661 4162 1710 4202 nos
1725 4157 1789 4204 sunt

991 4243 1025 4300 ad
1040 4243 1182 4298 utilitatem
1197 4241 1381 4311 jumentorum
1394 4259 1401 4296 τ
1412 4240 1447 4297 de
1460 4239 1549 4296 anime
1562 4239 1631 4321 ratio
1644 4241 1727 4297 nulla.
1737 4240 1790 4299 Ve-

993 4351 1052 4391 rum
1068 4332 1132 4403 quid
1145 4333 1205 4389 dieo
1215 4330 1249 4389 de
1260 4333 1356 4401 brutis,
1368 4348 1428 4404 qnae
1439 4333 1517 4389 nobis
1529 4331 1604 4388 utilia
1616 4333 1695 4389 sutrii
1711 4330 1788 4390 ttutn

993 4429 1066 4490 sunt,
1080 4426 1126 4497 qui
1142 4439 1265 4495 passeres
1277 4423 1378 4480 babent
1392 4425 1427 4481 a'd
1440 4423 1507 4481 nibil
1520 4427 1610 4490 utiles,
1626 4425 1674 4484 sed
1686 4427 1731 4500 qui
1744 4445 1788 4484 so-

991 4517 1048 4575 lum
1061 4525 1196 4586 recreant,
1207 4516 1353 4589 multaeque
1363 4526 1427 4574 strnt
1440 4523 1510 4575 circa
1532 4519 1592 4576 ilios
1607 4521 1691 4594 leges,
1704 4511 1787 4579 nibil-

992 4625 1044 4683 que
1050 4611 1193 4682 negligitur
1201 4610 1242 4667 rel
1250 4609 1397 4668 omittitur:
1409 4614 1550 4686 omniaque
1559 4615 1643 4687 magis
1651 4632 1786 4684 curamus,

992 4718 1073 4773 quam
1085 4717 1134 4758 nos
1148 4703 1231 4774 ipsos.
1247 4699 1292 4760 Sic
1307 4704 1433 4760 omuibus
1447 4721 1540 4762 sumus
1562 4708 1745 4778 ignobiliores.
1759 4709 1779 4766 S

994 4796 1056 4865 quis
1066 4795 1262 4853 contumeliose
1273 4794 1350 4852 nobis
1359 4797 1468 4865 dixerit,
1478 4799 1570 4867 Carris,
1582 4801 1719 4870 dolemns;
1729 4820 1789 4859 cum

994 4903 1059 4943 rere
1072 4901 1122 4942 nos
1136 4887 1185 4959 ipsi
1201 4887 1279 4944 nobis
1294 4891 1483 4945 contumeliam
1496 4889 1646 4960 inserimus,
1663 4909 1715 4949 nort
1732 4912 1791 4952 rer·
1871 4913 1875 4919 ·

897 5048 902 5058 ι
993 4979 1039 5045 bo,
1055 4979 1102 5036 scd
1114 4995 1155 5044 ne,
1168 4995 1219 5035 nee
1231 4989 1332 5036 tanam
1346 4983 1442 5036 enimse
1455 4997 1546 5036 curam
1558 4981 1697 5048 babemus,
1708 5001 1787 5057 minin

996 5086 1105 5134 canum,
1117 5069 1184 5126 nillil
1196 5085 1246 5125 nos
1258 5073 1313 5141 pati
1324 5082 1458 5143 putamus.
1472 5072 1569 5131 Videte
1581 5073 1688 5147 quantis
1701 5079 1791 5134 onrrtin

997 5164 1076 5234 plena
1088 5163 1143 5218 sint
1158 5162 1286 5218 tenebris.
1300 5163 1373 5230 Quot
1387 5172 1450 5219 sunt
1466 5166 1511 5236 qui
1527 5163 1647 5234 student,
1661 5184 1695 5224 ne
1708 5184 1790 5226 nunes

995 5255 1055 5326 plus
1069 5269 1145 5326 aquo
1157 5256 1338 5320 casaliculum
1355 5266 1384 5312 ut
1398 5257 1453 5312 siut
1474 5257 1583 5315 reluces
1607 5267 1635 5316 et
1656 5265 1791 5319 venatorii

995 5358 1133 5417 premente
1148 5347 1277 5414 inme;de
1287 5363 1393 5406 severo
1403 5350 1468 5405 nihil
1479 5350 1666 5410 sollicitudinis
1677 5354 1787 5420 babent,

993 5457 1082 5514 neque
1102 5441 1153 5497 sibi
1177 5442 1347 5512 precipiunt,
1362 5457 1396 5498 ue
1409 5441 1513 5500 deliciis
1533 5444 1598 5502 dent
1620 5460 1747 5519 operam:
1764 5457 1791 5504 ot
1813 5453 1821 5460 “

993 5527 1071 5591 bruta
1087 5533 1196 5605 quidem
1211 5533 1398 5605 philosophari
1412 5535 1520 5604 docent,
1534 5551 1566 5595 se
1578 5553 1644 5596 rere
1655 5541 1682 5596 in
1696 5541 1789 5598 bruto·

992 5645 1052 5684 rum
1068 5629 1198 5684 feritatem
1212 5629 1264 5684 labi
1279 5629 1425 5698 patiuntur.

1025 5780 1033 5816 ¹
1046 5783 1166 5855 tuamen
1177 5783 1277 5846 lentur,
1286 5797 1346 5838 am
1354 5797 1412 5839 roe·
1422 5813 1434 5838 ι
1443 5806 1510 5852 nunu
1519 5792 1583 5856 quoa
1591 5800 1639 5856 ei,
1651 5793 1790 5859 nioman,

998 5857 1093 5898 man
1102 5845 1235 5910 pnmrrtnm
1245 5857 1372 5902 monetote
