4084 6350
140 292 187 350 ea
318 254 322 260 ⁴
390 322 396 330 -
666 286 699 345 m
717 284 901 345 secuueuu
921 280 1037 357 nomm
1057 264 1284 341 rotumum
1674 234 1677 239 ⁵
1727 284 1780 345 oea

140 424 216 473 urens,
239 421 291 463 nce
305 407 398 463 scinde
410 414 456 463 aut
468 405 558 463 divide
571 404 719 462 Ecclesiam
732 420 747 459 a
761 405 844 477 gruum
858 418 937 474 sepa·
991 404 1109 459 suasioni
1130 405 1239 475 paretis.
1265 402 1303 460 lle
1324 406 1395 463 enim
1419 404 1515 463 timore
1538 404 1654 476 perculsi
1676 418 1725 465 uos
1742 406 1779 465 ad

139 491 213 538 meus
228 498 237 535 ε
251 480 383 551 siquidem
400 486 428 534 et
444 493 458 532 a
473 487 499 533 ιε
512 477 645 542 Christus,
656 489 685 532 ει
697 479 730 533 ab
746 479 819 532 omni
835 490 935 547 genere
991 476 1130 531 meliorem
1145 476 1225 531 vitam
1239 487 1437 545 corruertamus,
1449 485 1475 531 et
1490 484 1622 532 tormenta
1639 490 1778 547 paenarum

138 552 258 606 humane
273 550 404 605 rationem
417 550 514 620 exiget.
531 548 584 603 Sed
595 564 629 603 ne
641 550 690 602 ista
702 549 791 603 dicere
802 548 933 613 uideatur,
989 545 1133 611 evitemus,
1145 546 1246 603 idcirco
1259 546 1337 603 nobis
1350 548 1419 605 lianc
1428 546 1598 603 securitatem
1609 548 1725 612 inuexit,
1747 556 1779 604 ut

138 635 169 675 ιιι
181 623 244 678 data
263 635 346 693 opera
364 620 443 675 nobis
459 630 589 674 terrerem
605 618 725 683 incutiat,
747 635 780 674 ex
796 620 854 690 ipss
864 618 935 673 serie
990 614 1035 670 hie
1047 618 1119 671 ononi
1133 632 1196 671 cura
1214 618 1290 673 iuueni
1311 622 1359 675 rios
1371 620 1520 689 praecipites
1538 618 1564 674 in
1579 618 1665 688 ipsunt
1679 616 1780 675 inferni

138 702 323 763 contextoque
336 692 468 746 sermonis
482 704 576 745 rursus
596 690 622 743 in
642 690 736 745 codem
752 700 874 745 uersatur
885 703 931 742 au·
989 685 1100 741 lendum
1119 702 1238 757 agamus.
1259 688 1344 749 Dicite
1365 690 1446 760 igitur
1464 688 1547 755 mihi,
1563 690 1607 761 qui
1619 686 1777 746 mendacem

135 772 279 833 gumento,
305 763 397 817 dicens
418 780 425 818 :
444 761 505 815 Nou
519 761 702 833 ugouuuplius
717 762 822 815 inuicem
830 759 934 831 judice·
988 756 1074 813 ὓειιιιι
1097 760 1227 826 asseritis,
1250 762 1295 831 quui
1316 760 1395 817 uerba
1417 770 1520 815 uantum
1542 760 1612 815 ruuda
1624 760 1779 829 Scripturas

136 852 207 900 mur,
223 834 328 888 sedhee
336 833 451 905 judicate
465 834 556 905 megin
581 848 613 886 ne
631 834 731 901 pouruds
752 830 934 899 offendiculam
988 842 1090 891 sacras,
1117 842 1169 883 non
1191 831 1330 886 ueritatem
1353 831 1497 899 reputatis,
1522 830 1585 899 nuid
1610 829 1737 897 censetis,
1759 846 1777 887 o

135 906 216 975 grurru'
230 904 270 958 uel
282 904 431 958 scandulum
453 902 541 972 (Reus.
556 903 601 959 lt.
617 904 672 972 ld).
695 902 750 957 lloc
770 916 836 958 uero
849 900 935 955 nihilo
987 900 1080 953 stulti?
1091 900 1263 965 uonuediucs
1277 902 1449 972 illepunitur,
1459 902 1504 971 qui
1517 900 1646 957 Lazarum
1657 910 1778 957 conmm-

137 977 226 1045 ruagis
237 976 272 1029 ad
285 976 359 1028 illum
377 988 456 1045 uiuam
470 974 504 1028 ad
516 973 587 1028 bunc
604 974 730 1041 pertinet.
752 972 932 1041 Quamobrem
986 977 1078 1039 paerat
1094 968 1168 1039 (Luc.
1184 970 1227 1027 le.
1242 972 1309 1043 iuli
1331 988 1420 1028 uuonne
1433 974 1511 1027 laturae
1526 972 1669 1043 uirgineso
1683 972 1778 1041 spousi

136 1046 249 1117 utrique
263 1054 352 1113 potest
363 1044 509 1100 convenire
523 1063 531 1099 ε
546 1044 610 1099 dum
621 1055 650 1099 ει
664 1044 797 1113 perlectus
809 1044 931 1098 ciborum
987 1038 1105 1095 thalamo
1117 1041 1281 1112 ejiciuntur?
1301 1057 1390 1101 nonne
1409 1044 1454 1113 qui
1467 1041 1602 1098 Cluristum
1624 1057 1677 1097 nen
1693 1057 1776 1112 paue-

135 1118 329 1172 obscuratione
343 1114 547 1179 scandalizatur,
562 1125 591 1170 et
601 1115 795 1169 vehemcutiorl
807 1114 933 1183 objurga·
985 1121 1059 1176 runt,
1079 1112 1106 1166 in
1122 1112 1211 1183 iguem
1227 1112 1377 1179 discedunt,
1388 1116 1433 1186 quui
1463 1123 1553 1169 aratus
1568 1122 1609 1169 εει
1621 1112 1728 1169 diabolo
1749 1122 1778 1169 et

137 1189 217 1241 tione
230 1185 404 1256 imperfectus
415 1185 569 1241 oilenditur.
592 1184 632 1240 Tu
645 1200 711 1240 uero
725 1184 789 1239 mihi
804 1184 932 1239 conside·
984 1184 1087 1251 angelis
1099 1182 1157 1253 ejus
1172 1182 1278 1251 (Multi.
1293 1184 1339 1241 ΞΒ.
1356 1184 1400 1240 la.
1415 1186 1444 1239 tl
1466 1184 1478 1237 ‘l
1499 1199 1588 1239 ruonne
1602 1184 1647 1253 qui
1661 1184 1776 1239 sordidis

135 1272 191 1322 ra,
214 1258 398 1316 dilectissime.
422 1265 535 1325 quantos
554 1257 641 1311 daturi
663 1256 863 1326 simuspoenas,
884 1254 931 1323 uui
984 1250 1341 1320 iuitindumentisvestitus,
1362 1256 1449 1326 ligatis
1468 1254 1592 1310 manibus
1613 1268 1645 1309 ac
1665 1252 1777 1324 pedibus

135 1338 243 1383 temero
261 1327 483 1383 scandalizamus.
506 1326 534 1380 Si
555 1326 627 1381 enim
646 1327 691 1381 ubi
713 1341 757 1382 res
770 1334 830 1381 erat
842 1325 931 1393 iniqua
985 1320 1113 1392 inignem
1129 1326 1254 1392 ejicitur?
1269 1341 1358 1381 nonne
1373 1328 1418 1397 quui
1432 1336 1539 1383 cerotum
1552 1325 1677 1381 denarios
1697 1340 1775 1395 repc-

133 1414 199 1468 ειιιε
211 1399 366 1469 gerebatur,
379 1396 450 1467 uuuud
460 1398 613 1466 importune
624 1398 799 1466 reprehensio
815 1396 930 1451 adhibe·
983 1392 1080 1459 tieret,
1104 1394 1251 1452 tortoribus
1274 1408 1315 1452 cst
1343 1396 1455 1453 traditus
1480 1394 1542 1468 (td.
1557 1394 1602 1450 22.
1620 1396 1664 1452 ll.
1684 1404 1708 1449 el
1729 1396 1774 1453 te.

135 1479 225 1531 uetur,
239 1472 291 1524 bec
305 1469 363 1524 iteri
373 1470 467 1532 uetuit,
480 1482 514 1521 ne
522 1468 748 1523 scandalizaretur
758 1466 840 1522 irater
853 1477 881 1521 et
893 1466 931 1521 oi·
983 1462 1051 1532 ὅθι
1074 1481 1163 1521 nonne
1184 1467 1254 1537 quood
1277 1466 1377 1523 dictum
1400 1476 1442 1524 est
1461 1466 1495 1522 du
1517 1465 1655 1532 adulteris,
1680 1481 1773 1522 vertum

134 1539 297 1595 ienderetur
312 1556 319 1593 :
335 1554 398 1594 cum
418 1553 452 1593 ne
470 1539 629 1607 corrigendo
647 1540 756 1653 guidem
777 1538 929 1608 quucmpiam
983 1544 1035 1599 est,
1055 1537 1116 1606 quia
1138 1536 1234 1593 Vermr's
1253 1554 1339 1593 eorum
1358 1554 1409 1594 nen
1428 1539 1558 1600 nuncietur,
1572 1546 1595 1591 et
1608 1537 1675 1609 ignis
1686 1553 1775 1591 eorum

132 1611 363 1676 scandalizamus,
378 1608 442 1681 quid
454 1609 635 1665 merebimur!
648 1611 677 1665 ei
690 1611 762 1663 enim
774 1608 876 1663 crimen
887 1616 930 1662 est
983 1619 1034 1659 non
1046 1608 1218 1678 exstinguetur
1232 1608 1308 1679 (isui.
1318 1610 1363 1666 oe.
1375 1609 1444 1681 2l)?
1458 1624 1491 1664 an
1504 1610 1584 1663 minae
1597 1617 1699 1663 teritum
1711 1618 1775 1664 suut

136 1698 192 1735 uon
207 1682 313 1737 saluum
334 1680 422 1735 lacere
445 1680 543 1749 (idque
556 1688 762 1746 crebuerunt,
775 1680 821 1749 quui
841 1678 929 1733 talen·
982 1674 1052 1729 istal
1085 1678 1190 1743 Etiam,
1214 1679 1347 1748 iuunuiunt.
1372 1678 1447 1737 Unde
1466 1693 1540 1744 uero,
1563 1693 1665 1749 queso,
1687 1676 1731 1741 m,
1757 1696 1774 1727 o

134 1760 195 1807 tum
214 1750 350 1824 deludit),
374 1750 460 1819 ipsum
479 1750 690 1815 scandalizasse,
713 1749 777 1821 quiid
790 1766 843 1804 nen
858 1764 929 1819 prae·
981 1745 1085 1811 miseri,
1100 1759 1129 1802 ut
1143 1764 1198 1803 rem
1215 1750 1294 1805 talem
1308 1764 1429 1807 asserere
1444 1751 1576 1813 audemia,
1603 1748 1683 1819 idque
1701 1750 1773 1819 quuod

132 1823 235 1877 stabit!
254 1820 326 1892 Quid
340 1822 362 1875 si
376 1830 471 1891 suapte
485 1822 528 1875 cul
549 1837 564 1874 o
582 1821 787 1885 scandalizetur,
808 1834 869 1875 eum
891 1820 929 1875 sit
982 1814 1109 1885 iniustam
1125 1830 1221 1890 sponte
1236 1823 1395 1877 senteutiam
1414 1820 1528 1877 leuatis?
1553 1818 1574 1875 ti
1594 1833 1611 1875 e
1631 1835 1695 1875 uero
1710 1834 1772 1875 euin

135 1894 272 1958 intiruuus,
292 1892 364 1947 dicet
386 1890 504 1961 aliquis?
527 1836 641 1961 firopter
653 1892 706 1947 boc
722 1892 809 1961 ipsum
820 1904 928 1960 equum
982 1900 1016 1941 ex
1029 1889 1061 1969 iis
1076 1905 1135 1959 quum
1149 1890 1226 1955 illuit,
1240 1900 1295 1947 tum
1311 1906 1345 1947 ex
1360 1891 1463 1959 liscum
1481 1892 1544 1947 iecit
1558 1835 1692 1957 ciuiuus,
1707 1904 1773 1945 cen-

134 1964 226 2027 ioerit,
251 1972 281 2018 ut
292 1962 380 2017 omnia
390 1962 469 2017 ieros.
484 1960 513 2017 Si
526 1962 598 2017 enim
610 1962 714 2017 ualidus
726 1969 808 2029 esset,
824 1976 928 2030 neona-
982 1968 1093 2013 tranum
1109 1962 1228 2016 conabor
1240 1961 1392 2019 ostendere.
1402 1961 1430 2025 Si
1444 1960 1516 2017 enim
1529 1959 1563 2016 de
1576 1960 1671 2017 laturis
1687 1962 1773 2030 guoeois

134 2050 217 2102 quum
229 2034 277 2089 tali
292 2048 357 2089 curra
367 2032 498 2103 indigeret
513 2032 674 2101 uiatorem,
689 2035 814 2104 quioniam
827 2032 929 2102 imper·
981 2042 1035 2082 nou
1048 2030 1194 2098 credimus,
1210 2032 1304 2087 saltem
1314 2032 1350 2087 ob
1362 2048 1393 2088 ea
1408 2048 1466 2103 quar
1475 2032 1529 2101 jam
1542 2036 1699 2096 euenerunt,
1714 2046 1774 2087 cro·

134 2104 234 2161 iccaior
249 2113 301 2163 εει.
316 2105 417 2159 idcirce
435 2104 548 2157 multum
573 2104 600 2157 in
618 2118 680 2157 eum
692 2102 772 2159 studii
785 2101 928 2158 coruieren·
980 2097 1076 2155 damus
1092 2120 1098 2155 :
1112 2116 1165 2157 nou
1178 2104 1249 2157 entim
1264 2118 1296 2159 ea
1309 2118 1369 2173 quae
1379 2103 1436 2174 jam
1449 2110 1607 2170 euenerunt,
1621 2112 1649 2156 et
1661 2102 1687 2157 in
1704 2116 1773 2171 eguus

132 2177 199 2230 dum
212 2184 265 2231 εει.
280 2175 337 2230 lloe
348 2174 430 2245 igitur
442 2175 467 2229 ei
480 2174 669 2239 concedamus,
682 2188 798 2244 eumque
807 2174 880 2229 omni
892 2188 927 2227 ea
980 2170 1114 2237 exierunt,
1130 2174 1209 2227 minae
1223 2182 1286 2229 sunt
1296 2188 1329 2229 ae
1342 2176 1423 2228 rerba
1436 2181 1548 2228 tantum.
1559 2172 1624 2239 Quis
1638 2185 1701 2243 ergo
1715 2172 1773 2229 Noe

133 2256 212 2315 parte
226 2256 426 2317 supportemus.
439 2242 497 2301 lion
510 2246 582 2299 enim
596 2253 746 2300 nostrorum
758 2252 859 2300 tantum
870 2258 927 2299 una·
981 2246 1103 2365 tempore
1118 2253 1201 2297 totum
1218 2252 1349 2299 terrarum
1364 2244 1456 2300 orbern
1481 2243 1559 2299 undis
1573 2243 1673 2309 obruit,
1694 2244 1772 2298 triste

132 2320 222 2373 lorum
237 2318 369 2372 rationem
382 2315 536 2387 reddemus,
551 2316 599 2371 sed
610 2328 704 2371 cerum
717 2316 813 2378 etlam,
829 2313 926 2383 ouibus
980 2325 1032 2365 nau
1046 2315 1146 2385 rugium
1160 2313 1223 2369 illud
1237 2316 1347 2381 irruerit,
1361 2316 1569 2386 uniuersumque
1580 2328 1665 2386 genuus
1678 2312 1772 2369 huma·

132 2390 202 2443 alios
213 2388 434 2443 scandalizamus.
448 2385 525 2453 Quod
539 2387 562 2439 si
573 2387 629 2453 ipsa
646 2400 694 2455 per
710 2401 740 2441 se
754 2385 866 2441 molesta
884 2393 927 2440 est
979 2396 1043 2437 oum
1060 2385 1170 2440 omnino
1182 2384 1299 2460 deleniti
1314 2386 1373 2454 quis
1386 2400 1479 2441 rursus
1493 2395 1586 2456 postea
1600 2384 1713 2440 fulmina
1726 2383 1773 2439 illa

130 2458 393 2521 eractierationum,
404 2472 465 2511 curu
475 2456 578 2525 adiecta
588 2456 777 2525 luerintetianu
787 2455 924 2521 scandala,
979 2462 1008 2506 el
1024 2454 1144 2511 turbines
1157 2456 1250 2527 igneos
1265 2458 1291 2511 in
1305 2456 1483 2513 Sodomorum
1499 2464 1597 2512 terram
1610 2456 1700 2511 misit?
1711 2456 1772 2525 quis

127 2530 397 2597 onomodosalutem
410 2528 628 2597 commonemur?
645 2527 684 2582 Ne
704 2527 925 2597 putemusenim,
978 2522 1127 2596 AEgyptum
1151 2542 1258 2583 ominem
1280 2526 1443 2585 submersit?
1458 2526 1518 2597 quis
1540 2536 1667 2583 sexcenta
1687 2527 1772 2581 millia

128 2603 156 2653 si
169 2609 341 2669 peecatorum
354 2607 495 2654 consortes
515 2598 675 2667 reperimus,
698 2613 748 2653 nos
767 2598 924 2653 crematio·
978 2595 1008 2649 iu
1032 2598 1142 2652 deserto
1162 2598 1325 2667 prostrauitl
1346 2598 1652 2669 quiacongregatiouem
1669 2596 1772 2653 llbirou

131 2686 196 2725 nem
217 2673 355 2726 babituros
368 2686 376 2722 z
391 2668 443 2724 hou
455 2668 533 2723 uobis
546 2668 837 2737 poenaeueeumulabit.
858 2666 925 2722 Nam
978 2666 1118 2723 incendit?
1142 2668 1211 2739 queis,
1235 2667 1304 2723 Cere
1329 2678 1356 2724 et
1374 2668 1477 2723 bathan
1494 2678 1522 2723 ut
1534 2680 1629 2735 aperto
1648 2681 1696 2723 ore
1720 2668 1771 2723 de·

128 2743 330 2811 grauiuusqnam
342 2740 436 2794 mulier
448 2740 555 2809 punitus
567 2738 925 2807 estscrpensceuemadmo·
977 2737 1105 2805 glutiret,
1117 2748 1195 2794 terrae
1215 2738 1448 2807 mandauitffsol.
1460 2738 1522 2793 tue.
1538 2736 1602 2811 llll
1616 2739 1676 2809 quis
1691 2748 1771 2795 aute

128 2815 197 2866 ιιιιιιι
209 2822 237 2867 ει
248 2812 345 2866 ιιιιιιίει
354 2812 461 2878 grauius
472 2823 553 2879 quam
567 2809 620 2875 uir,
635 2818 663 2863 et
677 2808 785 2865 lezabel
799 2809 924 2863 accumu-
976 2808 1088 2865 Dauidis
1111 2825 1163 2865 uno
1187 2810 1315 2879 temporis
1334 2819 1471 2865 momente
1497 2808 1578 2863 millia
1600 2809 1769 2880 septuaginta

129 2898 178 2938 ros
196 2897 290 2949 poenas
302 2894 381 2952 quam
397 2880 490 2935 heliab
503 2879 587 2943 dedit,
608 2880 653 2950 quui
667 2881 774 2935 vineam
787 2880 924 2949 eripuerat
977 2880 1095 2949 perdidit
1114 2880 1152 2951 (ι.
1174 2878 1238 2952 lieg.
1261 2881 1306 2936 il.
1328 2880 1396 2950 l5)l
1420 2881 1480 2950 quis
1505 2889 1613 2935 centum
1633 2880 1769 2951 octoginta

127 2956 171 3022 (ι.
186 2953 251 3024 lteg.
266 2950 307 3023 tl).
327 2950 368 3005 Tu
389 2964 496 3021 qumoue
511 2950 536 3004 si
553 2951 660 3005 ueteris
673 2950 830 3021 perditionis
842 2964 923 3006 nausa
976 2951 1191 3021 quinquemillia
1209 2966 1259 3007 una
1279 2960 1373 3017 necte,
1400 2966 1460 3005 cum
1485 2952 1657 3021 prophetaret
1677 2952 1769 3017 isaias,

127 3025 226 3089 lucris,
247 3022 385 3078 acerbiora
405 3020 515 3090 patieris
530 3034 610 3090 uuam
629 3021 679 3085 illi,
697 3020 925 3091 cuiateiuerint
977 3023 1114 3078 interemit
1135 3022 1210 3089 clani.
1225 3022 1268 3077 st.
1289 3020 1356 3093 bib?
1377 3020 1467 3076 [licam
1487 3022 1629 3091 eteosqui
1645 3021 1769 3103 priuatim
1837 3076 1842 3086 ,

127 3094 306 3164 supplantati.
329 3091 387 3147 Non
407 3092 478 3146 euim
502 3099 603 3145 tanum
630 3092 708 3148 nobis
727 3092 754 3146 id
775 3092 922 3159 perniciem
976 3092 1063 3161 puniti
1076 3100 1152 3159 sunt,
1170 3092 1305 3147 addictum
1321 3101 1448 3162 perpetuo
1462 3092 1591 3161 supplicio
1605 3091 1681 3157 Cain,
1701 3092 1770 3163 lapi-

127 3176 209 3222 ereat
221 3164 293 3237 qued
306 3177 458 3233 peecemm,
481 3176 562 3232 quam
576 3161 647 3231 uuod
660 3163 727 3218 alios
745 3162 779 3218 ad
796 3161 822 3218 id
838 3179 922 3232 agen·
975 3162 1070 3220 datum
1085 3180 1145 3220 cum
1165 3164 1239 3219 ounni
1261 3180 1359 3234 genero
1376 3179 1425 3218 sue
1445 3162 1571 3218 Gluarmin
1589 3159 1629 3235 (u)
1651 3162 1720 3234 (ies.
1740 3164 1768 3220 7.

124 3238 197 3292 'ulum
208 3235 379 3305 impellamus
392 3251 399 3286 ι
412 3233 586 3304 quamobrem
600 3233 655 3292 ait.
672 3231 733 3286 Nou
746 3233 829 3288 uotum
842 3233 869 3287 id
882 3237 924 3305 su·
976 3241 1025 3307 t),
1038 3251 1098 3290 eum
1112 3236 1156 3306 qni
1171 3235 1242 3304 quod
1257 3237 1282 3289 iu
1303 3233 1414 3290 saluhnto
1426 3233 1497 3304 ligna
1513 3233 1681 3306 collegisset,
1696 3234 1770 3291 idem

128 3309 217 3373 eiurat,
233 3305 278 3360 sed
291 3306 368 3360 etium
380 3305 539 3358 ceurentium
552 3303 702 3375 facientibus
719 3303 808 3372 (Reor.
822 3305 849 3358 t.
862 3305 897 3358 δι
912 3344 920 3358 .
968 3322 1071 3378 passus
1092 3314 1134 3360 ost
1156 3303 1248 3374 (Num.
1264 3305 1309 3360 le.
1322 3305 1388 3375 bill
1401 3305 1575 3374 quadraginta
1591 3306 1658 3360 duos
1669 3321 1769 3376 pueros

127 3380 198 3434 Cum
211 3379 294 3446 igitur
306 3385 448 3445 peccantes
462 3374 593 3444 ‹guoedam
605 3373 761 3439 uiderimus,
773 3389 828 3456 non
840 3389 867 3429 m
904 3391 923 3430 o
975 3391 1044 3448 quos
1060 3377 1146 3432 iilismi
1163 3387 1282 3457 muupure
1296 3375 1459 3430 devorarunt
1469 3373 1544 3441 leuat,
1558 3389 1647 3500 tregue
1659 3386 1770 3446 propter

127 3445 500 3518 umouslmpellamus,scd
513 3445 636 3499 otiantes
652 3444 831 3514 improbitatis
844 3445 921 3500 lorea
974 3459 1082 3503 atatem
1097 3449 1201 3502 veniam
1218 3453 1394 3516 impetrarunt
1419 3446 1456 3516 (t.
1473 3445 1577 3516 haue.
1612 3445 1663 3516 ill
1690 3446 1768 3514 Quod

127 3519 316 3584 extrahamus,
339 3532 373 3570 nu
391 3514 547 3586 perditionis
570 3513 685 3570 aliorum
706 3514 815 3568 anobis
833 3531 921 3585 poenae
974 3521 998 3573 si
1019 3529 1079 3588 post
1095 3519 1180 3589 legem
1192 3518 1285 3588 gratian
1301 3529 1414 3572 cernere
1428 3517 1454 3570 id
1466 3518 1551 3587 carpis,
1567 3517 1653 3585 cogita
1668 3525 1768 3588 quiante

128 3597 298 3659 repetantur.
323 3585 423 3642 Verum
436 3585 471 3640 ad
484 3599 543 3640 rem
564 3587 726 3655 propositam
741 3595 919 3642 reuertamur.
973 3591 1030 3644 sint
1044 3589 1115 3660 passi
1130 3587 1215 3643 lodari
1231 3606 1237 3640 z
1252 3603 1305 3656 uuo
1317 3597 1394 3658 pacto
1410 3587 1509 3642 llberos
1527 3597 1627 3642 inatres
1649 3589 1767 3658 ipsorum

129 3661 228 3716 Omnes
249 3659 331 3721 euim,
358 3658 452 3726 incutit,
479 3655 600 3710 uminis
622 3665 681 3709 unte
698 3654 808 3710 tribuum
826 3655 922 3711 Christi
975 3660 1160 3722 comederint,
1184 3659 1226 3712 hau
1245 3667 1366 3722 assatos,
1388 3658 1439 3713 illm
1454 3658 1505 3712 alia
1520 3659 1624 3714 ratione
1639 3674 1768 3714 curiosum·

129 3731 222 3802 (Reor.
235 3731 281 3785 li.
297 3728 355 3798 to),
365 3737 392 3782 ot
407 3727 535 3782 rationem
548 3727 603 3781 ilco
616 3726 769 3782 reddemus.
786 3727 855 3794 Quid
872 3729 922 3798 igi·
974 3741 1037 3802 ptos
1054 3747 1061 3783 ι
1076 3731 1210 3798 ιμιειιιοιιο
1233 3729 1302 3784 lame
1314 3729 1402 3784 uexati
1421 3729 1475 3782 sint
1489 3729 1660 3795 intolerabili,
1675 3729 1767 3784 bellis·

127 3815 176 3856 tur
195 3801 342 3856 iaciemus?
363 3797 435 3866 ιιιιιιιι
456 3797 592 3862 solatium,
612 3813 692 3866 urrann
707 3799 920 3854 consolationem
973 3818 1028 3872 uuo
1043 3801 1123 3855 uariis
1139 3815 1170 3855 ac
1185 3799 1314 3864 inolescis,
1330 3801 1369 3854 sio
1383 3809 1412 3854 ιιι
1423 3813 1518 3854 omnes
1529 3801 1647 3869 priorum
1660 3805 1777 3872 tempo-¹

125 3870 334 3928 obtinebimus?
347 3867 483 3939 quomodo
501 3866 622 3923 ludieeou
637 3867 805 3924 tremendum
828 3871 920 3938 placa-
974 3889 1035 3932 uuum
1058 3875 1172 3940 tragicos
1192 3887 1270 3926 casus
1291 3871 1471 3925 calamitatum
1494 3885 1604 3926 suarum
1621 3871 1768 3928 acerbitate

127 3941 236 3999 bimus?
247 3951 349 4011 quantu
363 3938 465 4008 pudore
476 3937 681 4002 confundemur,
692 3953 752 3993 euru
763 3948 863 3995 nosue
872 3955 922 3995 no·
973 3945 1136 4012 superarint.
1148 3941 1183 3997 Ut
1195 3941 1265 3996 cuim
1280 3941 1349 3997 scias
1364 3942 1421 3995 llaec
1435 3943 1460 3995 in
1473 3956 1520 3996 eos
1534 3941 1668 3996 Christum
1680 3941 1769 3997 immi-

127 4015 172 4068 his
188 4012 341 4082 impietates
353 4011 389 4064 ob
400 4009 493 4064 oculos
508 4008 705 4064 versabuntur?
730 4009 921 4067 Veruumtamen
973 4016 1054 4079 sisse,
1072 4014 1258 4082 predicantem
1276 4012 1350 4079 liare,
1366 4011 1430 4067 illud
1446 4011 1508 4066 audi
1524 4019 1579 4066 tum
1590 4026 1638 4082 per
1651 4013 1766 4081 paralio·

126 4087 152 4139 si
165 4083 336 4153 lamerigere
349 4079 497 4136 animosae
509 4094 541 4136 eo
555 4080 730 4135 consectanda
743 4080 919 4147 voluerimus,
974 4086 1033 4150 las,
1050 4095 1106 4139 tum
1122 4085 1193 4138 clare
1207 4091 1234 4138 et
1246 4093 1337 4151 apertu
1353 4098 1422 4154 :per
1436 4083 1575 4152 parabolas
1587 4081 1713 4152 quidem,
1737 4091 1767 4137 ut

125 4171 190 4225 que
204 4155 260 4208 beo
276 4161 339 4208 sunt
348 4159 467 4218 accepta,
478 4165 541 4205 cunr
554 4151 643 4204 omnia
654 4153 801 4218 poterimus
813 4153 920 4208 abster-
973 4171 1035 4211 eum
1046 4155 1093 4220 ait,
1106 4154 1158 4208 Eos
1171 4164 1265 4220 ameni,
1276 4155 1318 4224 nuri
1330 4149 1463 4207 nommant
1476 4168 1516 4206 me
1527 4167 1634 4222 regnare
1642 4167 1719 4221 super
1727 4169 1765 4214 ue,

126 4224 316 4296 gercanohis
333 4221 476 4276 commissa
495 4231 615 4292 peccma
638 4230 692 4275 tum
713 4220 757 4276 illa
783 4223 921 4280 tremenda
973 4227 1095 4281 adducite
1109 4227 1157 4277 ilttc
1170 4237 1193 4278 et
1208 4224 1341 4292 interficite
1360 4221 1435 4294 (bur.
1448 4221 1491 4278 ta.
1506 4221 1702 4292 iilaitemque
1736 4239 1766 4278 cr

128 4294 274 4350 tribulantia
287 4293 415 4348 deuitare.
431 4290 459 4345 ld
476 4291 605 4356 recutiet,
620 4293 641 4346 si
656 4294 778 4362 corporis
788 4294 873 4347 nestri
887 4310 921 4350 ex
973 4300 1080 4352 viuueam
1093 4305 1120 4352 ει
1134 4310 1180 4364 por
1194 4297 1298 4364 nuptias
1315 4314 1320 4346 :
1335 4294 1405 4348 clare
1420 4307 1484 4347 vero
1498 4307 1529 4346 ac
1543 4291 1669 4359 dilucide,
1684 4237 1765 4349 veiim

127 4368 181 4420 bae
199 4367 252 4420 uita
268 4364 404 4418 discessus
424 4371 552 4431 perpetue
570 4362 763 4418 recordemur:
778 4362 922 4418 lienteriae
974 4383 1035 4423 cum
1050 4369 1154 4420 uninans
1166 4367 1204 4420 ait
1220 4363 1273 4418 :m
1283 4365 1374 4418 cudent
1385 4365 1412 4416 in
1422 4377 1465 4416 ore
1480 4361 1570 4434 gladii,
1584 4371 1608 4416 ει
1618 4363 1664 4417 erit
1677 4363 1705 4417 iu
1719 4373 1767 4418 ter·

127 4451 248 4506 namque
269 4435 405 4488 nomnium
419 4441 476 4496 tun,
498 4441 522 4485 et
542 4433 570 4484 iu
590 4441 713 4486 eternum
732 4449 783 4486 nou
808 4434 921 4503 peccabis
974 4440 1010 4491 ris
1034 4453 1151 4507 pressura
1172 4436 1281 4506 gentiuum
1305 4431 1361 4506 (lu.
1379 4433 1483 4491 aldi.
1499 4431 1557 4558 25),
1581 4433 1607 4487 iu
1631 4433 1766 4491 anxietate

126 4506 227 4578 (Eruli.
242 4507 268 4559 i.
284 4505 335 4573 ib)
353 4501 471 4563 :deinde
492 4503 660 4558 tremendum
681 4501 781 4558 Christi
804 4502 921 4560 tribunal
974 4517 1118 4564 resonante
1138 4507 1204 4559 unsri
1225 4515 1252 4558 ct
1270 4507 1335 4569 salo,
1356 4505 1513 4559 cxauuimatis
1543 4505 1687 4560 unanimibus
1710 4521 1765 4575 praa

127 4586 223 4632 uneuute
235 4589 388 4639 ιειεειιιιιε,
404 4575 431 4627 in
452 4588 506 4641 quo
525 4572 596 4626 nuda
608 4581 672 4627 ειιιιι
684 4574 774 4626 omnia
785 4583 812 4628 ει
828 4583 921 4642 aperta
976 4579 1116 4640 timerent
1125 4577 1181 4630 Erit
1193 4575 1322 4630 mibulmie
1338 4577 1396 4632 tulis
1410 4573 1493 4645 gualis
1505 4591 1556 4628 neu
1571 4576 1619 4645 fuit
1632 4591 1764 4646 uuugunm,

126 4648 216 4702 oeulis
229 4647 298 4716 ejus,
311 4659 371 4714 uuae
385 4641 476 4704 uerbo,
497 4658 557 4710 num
570 4657 662 4712 epcre,
683 4658 743 4712 uiuae
760 4645 921 4709 cogitatione
975 4665 1054 4720 neque
1064 4649 1107 4717 liet
1117 4645 1223 4716 (lluttlu.
1238 4647 1284 4701 ab.
1297 4647 1354 4718 il).
1370 4645 1487 4700 humulus
1501 4647 1580 4701 etiam
1592 4653 1619 4702 et
1633 4645 1765 4718 Sappbira

126 4717 363 4778 courumiserinuus;
386 4711 484 4768 deinde
496 4711 604 4766 ssuuviuum
626 4714 744 4782 igneum,
757 4713 863 4770 uincula
877 4714 921 4769 io·
974 4732 1042 4789 quas
1051 4720 1086 4774 oh
1104 4731 1247 4789 paucorum
1264 4725 1451 4787 argenteorum
1464 4717 1562 4771 l'mtum
1573 4731 1666 4788 poenas
1680 4718 1765 4774 dede·

127 4788 270 4850 dissoluta,
294 4786 420 4840 tenebris
442 4782 510 4838 lucis
530 4792 672 4853 milities.
692 4783 834 4838 stridorem
855 4784 921 4840 deu·
974 4787 1321 4858 rint,noslisomnes(1let.
1337 4787 1363 4842 5.
1384 4789 1421 4856 l).
1436 4788 1609 4856 Quotidianas
1621 4796 1709 4843 autem
1719 4803 1765 4843 ca·

128 4860 207 4922 ιίιιιιι,
221 4871 340 4914 vermem
353 4852 604 4919 renumerandum
614 4853 688 4909 illum
701 4854 849 4910 luctuosum
862 4858 921 4924 qui·
974 4861 1110 4916 lumitates
1134 4869 1197 4928 nuel
1220 4859 1347 4926 ieraunns,
1367 4861 1411 4928 nul
1430 4869 1537 4930 peccata
1561 4858 1763 4926 committimus,

127 4926 397 5012 deuuunpec'catoribus,
408 4925 518 4978 hilarem
527 4935 621 5006 ¹autem
636 4939 669 4979 ao
687 4925 834 4994 jucuuudum
856 4927 919 4996 illis,
976 4946 1065 4986 nonne
1081 4928 1211 4986 cernitis?
1229 4945 1262 4984 au
1285 4943 1349 4985 rere
1370 4929 1428 4984 baec
1453 4931 1510 4998 ipsa
1531 4931 1765 4984 nonsueneuuuu‘l

127 4994 919 5147 l⁰iii⁵iliiil⁰iuiiiiiiil⁰imur„umamnu
974 4999 1766 5144 illllllullttltllll'llsllllltllulllllillll:

128 5171 167 5182 -
178 5139 365 5196 Sedluouuines
378 5144 441 5191 sumt
450 5135 556 5206 quidam
573 5145 645 5191 tauta
656 5137 789 5197 dementia
803 5140 919 5221 praediti,
974 5155 1054 5214 petua
1067 5141 1202 5211 degentia
1218 5151 1345 5212 egestate,
1361 5143 1406 5210 «gui
1418 5141 1490 5196 mille
1502 5141 1667 5208 grauissimis
1680 5148 1706 5194 et
1721 5140 1765 5195 in-

131 5222 161 5264 nt
175 5209 318 5266 uneudaees
330 5207 492 5263 arbitrentur
504 5207 654 5276 Scripturas
668 5207 793 5262 diuinitus
807 5211 922 5279 inspira·
960 5214 1123 5269 'tolerandis
1144 5213 1220 5267 malis
1240 5211 1414 5281 aliligunturl
1437 5213 1558 5278 Quaenam
1581 5211 1661 5281 igilur
1686 5218 1766 5280 pactu

132 5290 173 5336 tas
185 5298 193 5347 ;
207 5283 307 5350 quilque
316 5279 361 5350 jus
374 5277 493 5332 diuinum
506 5291 553 5346 per
566 5278 722 5348 allegoriam
737 5279 920 5349 iuuccrpuetan-
974 5299 1079 5355 aequuum
1094 5283 1173 5338 luerit
1185 5283 1313 5353 quosdam
1330 5282 1425 5351 puniri,
1438 5281 1566 5350 quosdam
1576 5295 1640 5334 uere
1652 5295 1704 5334 non
1718 5297 1767 5350 pn-

129 5363 189 5415 ιιιι·;
204 5349 299 5406 Audiri
312 5350 383 5403 einim
396 5348 523 5418 quosdam
537 5349 653 5417 peccatis
667 5348 782 5412 deditos,
793 5359 921 5407 elamore
974 5358 1026 5409 niri
1038 5357 1050 5408 l
1060 5354 1124 5410 Nam
1139 5355 1160 5408 si
1173 5354 1287 5423 injustus
1300 5369 1352 5408 ouon
1368 5362 1410 5406 est
1425 5351 1505 5415 lleuus,
1520 5360 1550 5404 ut
1565 5349 1685 5419 proiecto
1696 5351 1766 5420 inju-

130 5439 237 5478 summo
256 5419 402 5491 uoluptatis
421 5418 550 5482 irretitos,
569 5417 722 5487 hujusmodi
737 5419 825 5473 uerbis
842 5432 920 5476 uten-
974 5435 1093 5480 aliusnon
1107 5433 1158 5490 est,
1169 5425 1278 5478 omnino
1293 5438 1320 5476 uu
1333 5437 1438 5493 quoquae
1454 5435 1546 5490 poeuuas
1565 5419 1652 5486 dabis,
1663 5421 1686 5476 si
1701 5435 1765 5491 pee-

131 5506 172 5548 tus
190 5512 198 5548 ι
219 5494 300 5555 lleus,
317 5491 450 5560 inquiunt,
473 5487 507 5542 {ld
528 5489 653 5543 ‘illimem
672 5487 824 5544 immitibus
843 5491 920 5546 incll-
973 5499 1095 5552 caveris:
1110 5495 1150 5549 sin
1170 5503 1278 5558 aulem,
1299 5495 1360 5563 qnia
1382 5492 1512 5562 luantgnus
1534 5500 1576 5545 εει
1602 5493 1688 5556 lleus,
1709 5507 1764 5546 uuon

130 5566 252 5619 tiendum
265 5563 323 5616 lusce
334 5563 450 5614 nuiuiatus
462 5568 504 5612 est
518 5575 523 5610 :
538 5559 608 5613 absit
617 5559 699 5625 euim,
718 5567 747 5613 ut
756 5561 800 5628 quui
813 5561 921 5617 miseri-
974 5567 1061 5638 punit,
1086 5583 1120 5622 ue
1141 5565 1191 5621 hos
1212 5565 1320 5635 quidem
1342 5563 1428 5634 punim
1449 5563 1598 5632 oportebat.
1623 5561 1681 5618 Jauu
1695 5576 1762 5616 uero
1861 5639 1864 5650 Ι

130 5651 193 5690 ειιιε
207 5640 260 5700 εει,
276 5645 437 5702 quemquam
459 5627 555 5699 puniat
574 5643 606 5682 ex
629 5628 683 5683 illis
702 5634 851 5699 praesertim
873 5634 920 5703 qui

130 5722 193 5761 uum
206 5711 383 5783 agnoverunt.
393 5697 489 5783 hodite
502 5700 593 5780 igitur,
608 5698 730 5780 ¹hemines
742 5701 824 5757 eorde
835 5703 919 5759 desti·
1004 5722 1042 5784 (n)
1054 5722 1097 5782 eui
1108 5721 1223 5772 cmg„
1232 5719 1328 5781 diuum,
1337 5717 1459 5771 micenas
1465 5715 1765 5782 mangenarumqnsgoeug
1795 5695 1803 5716 ⁰

132 5777 194 5844 tuti,
214 5774 260 5848 quui
281 5773 423 5847 probitatus
440 5770 526 5826 hostis
539 5779 648 5830 interitu
669 5778 761 5829 nestro
777 5773 918 5844 gaudentis
972 5785 997 5843 7,
1010 5786 1033 5846 t,
1044 5787 1255 5838 mmmumouatm.
