4084 6350
270 441 320 499 ttt
620 435 650 495 S.
668 427 808 495 totonis
824 421 1067 493 clllilscsltltll
1082 425 1241 493 RRCHOEP.
1261 431 1527 496 CONSTANTlNOP.
1861 439 1915 500 ‘lla

268 555 349 620 absh,
359 554 406 612 sed
417 553 501 626 pruho
513 551 536 610 si
549 552 611 624 quis
625 564 691 624 opes
702 563 756 607 non
770 549 919 608 desideret.
933 549 1065 606 llic'e'nint

269 646 357 716 milri,
371 658 441 720 qnos
451 645 539 717 potios
550 643 655 713 beatos,
669 641 780 711 diteris,
795 652 829 700 an
843 643 948 700 dilutis
960 638 1064 700 studio*

269 755 326 805 sos,
340 754 375 795 an
389 753 438 796 eos
449 736 603 811 quiproool
616 737 716 815 altilia
740 736 821 793 stutt
842 735 985 794 studiosos
1006 736 1065 792 sine

268 833 362 890 dublo.
377 832 520 904 illerorgo
531 832 643 889 idoneus
658 839 702 889 est-
714 831 747 886 atl
761 831 837 888 utilia
848 831 1022 894 addiscenda,
1038 836 1066 887 et

268 925 302 980 ad
324 923 502 997 philosophiae
522 925 702 996 splendorem,
726 939 760 979 an
782 923 826 980 hic
847 939 880 979 an
901 923 968 980 illel
988 922 1066 978 hunc

267 1020 360 1090 utiquc
372 1033 434 1076 esse
447 1020 533 1090 miano
544 1029 594 1075 cst.
609 1017 640 1077 Si
650 1030 705 1076 non
718 1019 822 1085 credas,
835 1019 861 1074 id
874 1018 957 1074 disce.
973 1017 1066 1072 iddu-

266 1121 344 1168 catur
357 1113 446 1183 quise
460 1111 519 1166 loro
531 1111 752 1177 mendicantium,
765 1112 811 1183 qui
824 1112 860 1167 sit
873 1121 971 1177 cacus,
988 1110 1063 1164 clati·

266 1204 328 1272 dus,
339 1205 465 1270 mutilus;
478 1204 546 1262 alius
556 1215 783 1277 quoqueaspectu
795 1206 937 1269 lurnrosus,
951 1212 1066 1270 corpore

266 1297 396 1352 repostos
407 1309 439 1352 ac
452 1297 569 1363 ricides,
583 1298 680 1370 opilius
692 1297 842 1363 abundans,
854 1309 952 1367 genere
963 1294 1063 1359 clarus,

265 1395 385 1460 potentio
399 1390 508 1446 valens·
521 1389 560 1464 (a)
576 1391 631 1447 llos
642 1392 732 1463 imque
745 1390 779 1448 ad
795 1387 972 1461 philosophie
984 1387 1065 1442 disci-

267 1481 370 1550 plinatu
382 1483 563 1547 adducamus,
583 1491 610 1539 et
630 1483 784 1547 rideamus,
800 1489 863 1537 nter
874 1486 967 1536 corum
980 1480 1065 1551 tnagis

265 1573 417 1630 doctrinam
437 1576 565 1647 etclpiat.
589 1575 630 1631 Sit
654 1577 858 1647 ergocantorum
883 1579 1063 1643 praeceptum,

264 1664 380 1724 llunrilis
389 1677 487 1725 calcet
502 1667 658 1733 moderetis:
671 1665 723 1722 hoc
733 1667 806 1722 enim
819 1665 944 1722 Clttlstus
958 1677 1059 1734 praeec-

263 1761 303 1834 pit
316 1770 392 1816 :olet
403 1763 487 1833 magis
503 1761 555 1815 boc
563 1759 675 1832 implere
686 1759 805 1830 polerit?
817 1755 907 1827 B‘eoli,
923 1764 966 1830 qni
978 1759 1065 1831 huperti

265 1853 370 1925 (Metti.
388 1855 413 1911 5.
429 1853 459 1927 i)
471 1874 477 1909 :
489 1855 551 1926 quis
564 1855 637 1910 dieto
655 1855 742 1924 ntogis
765 1854 906 1909 attendet?
920 1854 996 1910 Beati
1012 1854 1063 1910 ltu·

264 1945 361 2001 miles:
374 1955 433 2000 tuter
453 1949 538 2016 magis
555 1945 644 2001 aodiet
654 1947 669 2000 i
681 1943 758 1999 sent
771 1946 867 2000 monde
880 1946 956 2000 corde
967 1962 975 2001 :
985 1945 1062 2014 hecti,

155 2077 164 2096 ,
264 2037 310 2107 qui
327 2039 477 2093 enoinotrt
490 2039 583 2093 tititnd
594 2023 837 2108 jutitimotieon,
861 2039 904 2110 qui
926 2053 1064 2110 maeque·

238 2126 242 2135 '
266 2129 359 2184 term
374 2129 508 2201 patim
520 2140 625 2201 propter
638 2131 768 2202 justitient
781 2129 862 2203 (ibid.
877 2147 900 2186 o.
916 2131 942 2186 8.
957 2131 984 2188 d.
998 2127 1063 2202 lul:

265 2221 398 2294 quiahoc
409 2222 488 2280 icelle
501 2223 637 2294 excipiet?
651 2224 685 2280 llt
698 2225 721 2280 si
738 2224 788 2292 tis,
806 2225 865 2280 hacc
884 2225 990 2295 utrique
1013 2225 1064 2280 ad·

263 2323 399 2386 ammos.
420 2315 515 2372 Antron
535 2315 679 2372 ilieturnet
691 2318 812 2390 munique
826 2327 854 2374 et
873 2317 996 2384 innatum
1018 2317 1065 2374 hic

264 2425 330 2467 uero
345 2409 485 2468 humiliter
503 2424 614 2484 prorsus
636 2412 719 2470 sentit
741 2427 774 2470 ac
797 2412 930 2470 demissus
945 2410 1065 2469 estiSic

264 2506 359 2577 otique
377 2519 413 2562 se
430 2517 477 2562 res
501 2505 594 2562 halec.
614 2494 664 2561 Est
684 2512 711 2562 'et
731 2506 802 2577 apud
821 2514 948 2562 externos
962 2504 1064 2561 dictum

265 2597 353 2654 munile
364 2614 372 2656 :
383 2597 482 2654 sums
503 2597 613 2669 quidem
625 2597 772 2668 Epictetus,
792 2603 914 2668 corpore
931 2608 1063 2662 mancus,

265 2699 424 2762 paupertate
439 2691 516 2759 hut,
539 2687 568 2747 oi
587 2692 690 2747 artuicus
709 2691 901 2747 immortalium
917 2690 965 2763 (lp).
981 2689 1019 2746 lie
1034 2705 1066 2747 se

265 2782 349 2840 hahet
376 2785 488 2855 pauper.
516 2780 611 2839 hiritis
637 2793 727 2840 autem
756 2784 844 2840 anime
871 2788 959 2839 metet
984 2783 1066 2840 malis

265 2876 402 2942 oninihus,
415 2876 579 2948 arrogantia,
592 2875 767 2948 canapinula,
781 2869 973 2947 cupiditatibus
985 2875 1066 2932 innud

265 2969 360 3036 meris
374 2970 425 3038 iro,
439 2969 547 3036 lurore,
565 2970 687 3038 avaritia,
702 2969 844 3040 injustitia,
861 2970 974 3041 aliisque
988 2980 1065 3025 mord

264 3061 317 3119 his.
329 3062 419 3118 Peloro
430 3075 496 3134 crgo
504 3062 641 3131 esllllam,
650 3070 732 3134 quam
742 3063 812 3118 hanc
821 3062 855 3117 ad
866 3060 1065 3134 philosophiam

264 3155 398 3226 aptiorem
420 3167 492 3212 esse.
514 3155 632 3212 Omnino
651 3155 756 3212 discere
776 3155 919 3227 quaeritis,
944 3163 1005 3212 utra
1030 3155 1066 3213 sit

265 3252 374 3307 merim
386 3270 393 3307 :
406 3252 458 3307 hoc
472 3252 545 3308 enim
561 3251 681 3307 emnltis
693 3252 778 3323 qtrceri
792 3250 885 3318 rideo,
900 3253 960 3307 ntra
973 3250 1008 3307 sit
1018 3250 1066 3322 jud

266 3346 390 3402 condior.
407 3344 488 3404 serie
501 3346 553 3403 hac
565 3346 592 3401 in
607 3360 638 3403 rc
652 3346 718 3402 niltil
730 3344 910 3402 duhilandom
923 3354 964 3402 est
976 3364 985 3412 ;
1001 3352 1066 3402 notri

264 3440 314 3510 qui
324 3439 437 3496 stoimtl
449 3440 560 3511 propior
571 3448 631 3509 est,
646 3440 671 3494 is
691 3440 869 3510 inuoluptate
882 3440 967 3495 multa
980 3434 1065 3510 degit.

265 3530 344 3600 ilter,
359 3545 464 3604 quaeso,
480 3532 515 3587 ad
526 3532 612 3604 legem
626 3530 706 3601 hanc,
722 3544 802 3602 qnam
815 3530 1000 3604 redintegrare
1013 3546 1065 3589 ros

265 3621 375 3694 lemos,
387 3624 539 3693 cstapticr,
553 3630 656 3695 pauper
674 3637 708 3679 an
721 3622 815 3681 dites?
828 3625 888 3695 quis
900 3624 979 3681 lacile
989 3622 1066 3696 jura·¹

265 3714 331 3772 ltitl
350 3716 400 3787 qtti
418 3715 482 3773 liliis
503 3716 646 3785 irascitur,
669 3716 714 3788 qui
736 3730 797 3772 cunt
816 3716 965 3774 innumeris
987 3721 1065 3787 pacta

296 3875 334 3940 (a)
344 3879 476 3940 sequemh
485 3875 550 3941 apud
560 3873 684 3928 eblonem
694 3862 807 3927 irruatur
818 3875 836 3925 l.
848 3875 910 3928 lide
919 3875 1065 3941 erepublica.

267 3936 390 4050 llincq't‘ree
514 3946 608 4013 tomus,
622 3936 714 3989 Platoni
729 3944 874 3991 tamennon
885 3952 972 4003 parurn
982 3936 1065 3990 inlen-

265 4000 567 4190 miplssgeosss'nffi
579 4000 731 4128 ἶῗὲᾞῳ.
754 4060 800 4115 uo
815 4064 825 4128 t
842 4062 943 4116 tane
963 4063 1014 4115 ra.
1034 4066 1066 4126 r,

264 4064 311 4176 aa
418 4192 882 4254 mentemmentdm&

463 4262 841 4318 “memnonem

1120 551 1195 616 iniit;
1217 555 1252 606 au
1265 552 1310 623 qui
1324 560 1421 623 panem
1435 564 1519 610 unum
1533 565 1565 610 ac
1580 561 1681 610 restem
1696 551 1828 624 petiturus
1840 567 1916 613 ncce-

1119 647 1175 704 ditl
1189 647 1257 706 lluic
1277 647 1350 706 nulla
1370 649 1585 722 iurametrtorum
1601 649 1767 716 necessitas,
1788 647 1811 706 si
1832 649 1915 720 uelit,

1119 739 1167 798 scd
1181 755 1290 813 semper
1303 743 1419 814 negotiis
1430 755 1531 800 uacuus
1542 749 1598 811 est;
1613 745 1667 798 irno
1679 755 1745 798 nero
1758 741 1790 810 is,
1805 742 1850 813 qui
1865 757 1916 800 nun

1117 833 1209 904 jarrare
1221 832 1331 902 didicit,
1348 833 1541 906 saepedictas
1557 843 1675 907 spernet,
1692 843 1719 892 et
1732 830 1766 889 ah
1782 834 1833 889 huc
1848 832 1917 891 horto

1119 943 1196 985 more
1209 929 1316 986 uirtutis
1329 929 1385 984 vias
1401 929 1500 999 ubique
1514 936 1621 1000 paratas
1635 927 1726 984 videre
1735 928 1797 996 crit,
1810 941 1917 983 omnes·

1119 1037 1171 1091 quc
1191 1021 1224 1078 ad
1244 1021 1396 1094 equitatem
1416 1021 1581 1090 tendenteS,
1604 1019 1641 1076 ad
1652 1020 1805 1076 diuitiarum
1820 1019 1917 1088 despe-

1119 1123 1204 1180 ctum,
1219 1113 1253 1170 ad
1266 1115 1405 1185 pictatem,
1418 1113 1453 1171 ad
1465 1113 1563 1171 animae
1575 1121 1676 1171 rectam
1688 1113 1917 1181 constitutionem,

1119 1206 1152 1262 ad
1163 1208 1410 1277 compunctionem.

1154 1297 1250 1354 Contra
1261 1301 1418 1371 incorrecta.
1432 1329 1467 1342 —-
1481 1297 1520 1357 lle
1536 1300 1621 1356 simus
1639 1305 1703 1372 ergo
1728 1295 1909 1370 negligentes,

1119 1391 1220 1460 dilecti,
1232 1391 1279 1448 scd
1295 1393 1405 1448 multam
1419 1389 1596 1450 adhibeamus
1605 1391 1785 1464 diligentiam:
1798 1389 1846 1462 qui
1856 1403 1920 1446 sese

1119 1483 1308 1551 emendarunt,
1323 1495 1351 1542 ut
1370 1485 1396 1540 id
1407 1484 1479 1557 quud
1492 1486 1664 1542 emendatum
1678 1491 1719 1540 est
1738 1491 1918 1549 conservent,

1119 1591 1154 1632 ne
1167 1575 1246 1633 lacile
1260 1575 1393 1644 dilhoant,
1409 1593 1476 1634 neue
1496 1588 1570 1636 retro
1581 1585 1741 1645 vertantur3
1760 1577 1806 1649 qui
1828 1578 1918 1632 aulem

1118 1669 1207 1728 adhuc
1228 1679 1302 1727 retro
1322 1671 1410 1729 relicti
1427 1681 1499 1740 sont,
1523 1679 1554 1728 ut
1568 1680 1727 1745 resurgant,
1742 1681 1770 1728 et
1783 1679 1879 1728 curent
1895 1671 1921 1729 id

1117 1761 1190 1835 qnod
1213 1761 1303 1830 delicit
1317 1765 1439 1837 implere.
1460 1765 1623 1838 interimque
1645 1766 1673 1834 ii,
1688 1765 1734 1838 qui
1749 1781 1778 1822 se
1792 1759 1922 1823 emenda-

1117 1863 1191 1921 runt,
1203 1855 1256 1912 illis
1270 1856 1316 1928 qui
1330 1858 1449 1914 nondum
1469 1857 1498 1914 id
1517 1865 1673 1929 potuerunt,
1690 1859 1766 1930 quasi
1781 1858 1808 1914 in
1824 1859 1922 1930 pelago

1118 1949 1255 2018 nantibus,
1274 1963 1370 2006 ananus
1386 1949 1567 2022 porrigentes,
1589 1950 1662 2023 ipsos
1675 1951 1701 2006 in
1721 1959 1798 2022 portn
1817 1965 1832 2005 a
1843 1949 1922 2022 jnra-

1118 2043 1216 2098 mcntis
1230 2057 1315 2098 uacuo
1333 2043 1476 2114 recipiant.
1491 2041 1590 2100 Portus
1604 2045 1703 2116 quippe
1716 2053 1788 2099 tutus
1799 2051 1851 2114 est,
1865 2059 1921 2100 noo

1116 2135 1209 2206 lurore
1223 2153 1230 2188 :
1246 2145 1349 2207 portus,
1365 2145 1394 2192 ut
1409 2151 1445 2194 ne
1466 2137 1526 2209 quis
1545 2136 1734 2208 submergatur
1747 2135 1781 2193 ab
1794 2136 1923 2193 irruenti·

1117 2225 1168 2282 hus
1182 2227 1278 2284 uentis.
1292 2219 1367 2285 Licet
1381 2229 1451 2285 enim
1463 2227 1513 2298 lra,
1528 2227 1591 2285 licet
1603 2227 1747 2296 damnum,
1762 2229 1825 2283 licet
1845 2226 1923 2284 luror

1119 2317 1227 2375 aliudve
1237 2315 1404 2388 effervescat,
1412 2320 1501 2376 anima
1512 2321 1538 2375 in
1551 2329 1608 2376 toto
1619 2328 1673 2386 est;
1686 2320 1721 2375 ilo
1732 2327 1762 2378 ut
1772 2317 1837 2376 nihil
1847 2319 1924 2376 emit·

1119 2418 1160 2468 tat
1173 2413 1245 2484 quod
1266 2414 1358 2472 dicere
1378 2427 1431 2471 nott
1448 2414 1528 2472 liceat
1544 2431 1550 2469 :
1566 2414 1739 2486 nequeenim
1754 2411 1857 2469 sihircl
1874 2428 1924 2469 nc·

1118 2507 1272 2563 cessitatem
1293 2505 1336 2565 rel
1364 2506 1450 2580 legem
1468 2507 1618 2563 constituit.
1640 2505 1719 2572 lide,
1735 2505 1797 2578 quid
1810 2513 1925 2578 propter

1116 2592 1300 2668 iuramentum
1309 2597 1405 2656 lecerit
1417 2598 1538 2656 llcrodes
1552 2618 1559 2654 ι
1571 2607 1651 2671 capot
1661 2597 1840 2654 Precursoris
1853 2611 1926 2668 prae·

1119 2686 1201 2756 cidit;
1216 2687 1328 2761 Propter
1338 2691 1571 2762 juramentoriam,
1586 2689 1682 2761 inquit,
1692 2696 1716 2744 et
1728 2695 1833 2760 propter
1845 2686 1927 2744 aimrtl

1119 2779 1305 2838 dteomnenreo
1326 2783 1409 2838 noluit
1427 2781 1499 2838 illunc
1523 2781 1645 2854 repellere
1669 2779 1772 2856 (llere.
1803 2779 1831 2836 θ.
1852 2775 1926 2850 26).

1119 2873 1188 2942 Quid
1202 2875 1499 2946 propterjdramentum
1518 2881 1604 2946 passae
1622 2882 1685 2931 sunt
1703 2867 1790 2931 trihus
1815 2871 1925 2946 (lodic.
2026 2915 2027 2932 .

1118 2965 1165 3020 al.
1182 2963 1246 3039 lll'),
1263 2965 1335 3022 circa
1351 2967 1450 3024 tribum
1465 2967 1605 3040 Beniamin
1614 2959 1698 3039 i'quid
1712 2981 1808 3040 passus
1818 2973 1863 3023 est
1878 2975 1928 3037 pro

1117 3057 1271 3129 juramento
1286 3057 1370 3117 Saiuli
1380 3059 1426 3117 ille
1437 3059 1545 3132 quidem
1564 3059 1711 3131 pejerarit;
1724 3058 1847 3118 llercdes
1859 3071 1927 3116 uero

1120 3149 1240 3222 perjurio
1262 3144 1424 3209 deteriorem
1446 3151 1548 3210 caedem
1572 3148 1646 3210 lecit.
1659 3151 1777 3210 liursurn
1792 3152 1877 3210 lesus
1893 3153 1929 3209 oh
2026 3174 2027 3179 ¹

1118 3242 1300 3315 insanientum
1315 3243 1473 3301 Gabaonitis
1487 3244 1598 3315 lactum,
1613 3252 1712 3317 quanta
1723 3258 1817 3317 passus
1830 3244 1870 3299 sit
1883 3258 1930 3299 no·
2026 3258 2027 3297 t

1120 3338 1166 3394 sti.
1184 3336 1324 3394 &alanicus
1338 3338 1411 3394 eninr
1427 3338 1538 3410 laqueus
1551 3346 1594 3395 est
1605 3338 1800 3409 juramentum.
1813 3334 1929 3393 Dirum·

1120 3442 1216 3501 pantos
1236 3443 1300 3503 ergo
1315 3426 1403 3498 lones,
1426 3440 1455 3487 ct
1472 3444 1523 3488 nos
1535 3430 1572 3487 ita
1587 3430 1783 3487 constituemus
1797 3440 1827 3486 ut
1846 3428 1931 3487 iacilc

1120 3534 1273 3581 careamus.
1299 3522 1460 3581 liberemur
1484 3538 1500 3580 a
1529 3521 1626 3597 laqueo
1647 3530 1764 3593 satane3
1780 3524 1930 3581 timeamus

1119 3613 1291 3672 Dominicnm
1307 3624 1487 3690 preceptum:
1511 3618 1539 3674 in
1556 3618 1687 3689 optimam
1700 3618 1930 3675 consuetudinem
2026 3654 2027 3657 ,

1119 3722 1171 3783 nos
1183 3708 1347 3772 deducamus
1362 3726 1370 3766 ε
1390 3716 1421 3766 ot
1433 3710 1580 3782 progressi,
1594 3718 1624 3767 et
1638 3710 1691 3768 hoc
1710 3710 1803 3767 etalio
1818 3724 1931 3781 praece·
2026 3706 2027 3731 i

1119 3808 1165 3875 pta
1180 3802 1335 3877 implentes,
1349 3808 1480 3876 promissa
1490 3804 1660 3877 diligentibus
1671 3808 1758 3874 ipsum
1773 3818 1933 3875 consequa-

1119 3906 1182 3954 mur
1195 3898 1276 3968 hona,
1295 3900 1381 3971 gratia
1403 3900 1431 3956 et'
1443 3898 1621 3972 'benignitate
1640 3899 1747 3956 homini
1761 3900 1850 3956 nostri
1866 3897 1934 3955 iesu

1119 3986 1232 4059 Gltristi,
1249 3992 1356 4064 quicum
1375 3986 1449 4048 Patri
1463 4000 1490 4048 ct
1503 3988 1614 4065 Spiritui
1629 4000 1724 4049 sancto
1738 3990 1845 4065 gloria,
1878 3990 1933 4046 int-

1120 4085 1236 4156 perium,
1253 4085 1350 4152 honor,
1363 4097 1435 4142 norro
1447 4093 1475 4143 et
1485 4100 1603 4158 semper,
1615 4094 1643 4143 ct
1655 4085 1682 4143 io
1697 4084 1796 4145 secula
1812 4082 1934 4145 saeoolo·

1120 4190 1192 4236 rum.
1207 4180 1304 4236 Amen.
1893 4184 1896 4188 “

931 4436 1108 4518 neultra
1128 4447 1217 4518 xro.

1060 4552 1063 4563 ¹
1124 4600 1298 4659 «causeum
1312 4598 1938 4670 mutotueaxnrnsuntmtonsseoesc
2026 4582 2027 4589 ‘

1121 4695 1237 4767 aliquem
1253 4695 1315 4752 :cui
1323 4696 1459 4753 consentit
1468 4709 1598 4753 numeros
1607 4696 1727 4753 virorum
1738 4694 1852 4752 circiter
1864 4706 1940 4766 qua-

1121 4788 1325 4861 dringentorum
1344 4790 1410 4862 :qui
1424 4789 1530 4847 occisus
1549 4798 1608 4863 est;
1624 4798 1652 4845 et
1667 4802 1763 4847 omnes
1773 4787 1820 4860 qui
1830 4787 1940 4844 crede-

1119 4882 1186 4940 bant
1199 4883 1235 4949 ei,
1251 4881 1372 4953 dissipati
1385 4890 1486 4941 suntet
1496 4883 1598 4941 redacti
1608 4882 1642 4940 od
1653 4883 1778 4939 nihilum.
1794 4898 1806 4936 r
1821 4880 1941 4938 Exem-

1120 4975 1172 5047 plis
1185 4974 1245 5030 illos
1258 4974 1292 5031 ad
1302 4988 1394 5032 sanem
1406 4987 1526 5033 arentem
1535 4976 1626 5043 decit:
1636 4975 1757 5043 atillam,
1773 4971 1819 5046 qui
1833 4970 1944 5045 piures

1121 5066 1276 5135 seduxerat,
1291 5065 1403 5123 ¹demum
1416 5065 1496 5125 allert
1518 5067 1551 5123 ad
1573 5067 1682 5124 illorum
1696 5065 1941 5125 consolationem.

264 4591 330 4665 c'n.
350 4605 377 4663 5.
392 4620 418 4660 v.
432 4603 478 4661 ol.
493 4601 700 4675 Sorgsntootem
712 4600 818 4673 quidam
830 4600 858 4656 in
870 4600 979 4657 concilio
992 4600 1066 4657 Pho-

298 4700 405 4768 rt'toettt‚
433 4697 534 4753 nominc
550 4693 687 4761 demand,
713 4694 776 4767 lepis
795 4693 1066 4762 percontationem

300 4792 423 4848 uniam
434 4790 511 4863 plebi,
518 4788 598 4863 juant
610 4794 680 4862 [mot
693 4787 728 4842 od
745 4786 816 4843 ireos
833 4787 947 4843 icontittct
959 4789 1027 4858 lieri.
1051 4780 1055 4789 ’

301 4886 328 4941 1.
342 4885 391 4942 llic
404 4881 619 4941 GamolielPaoli
631 4881 725 4939 doctor
737 4891 816 4939 erat:
830 4880 1065 4954 admirationeque

264 4976 373 5053 digerunt
387 4987 440 5045 est,
454 4974 601 5048 quomodo,
614 4974 715 5045 judicio
735 4973 828 5031 valens
840 4981 869 5031 et
878 4975 906 5030 in
919 4974 979 5047 lege
991 4974 1064 5047 peri-

264 5078 318 5138 tus,
337 5068 458 5127 nondum
472 5066 614 5125 crederet:
628 5081 717 5138 nsque
738 5066 826 5137 potuit
837 5065 948 5123 omnino
971 5066 1062 5123 iucre-

265 5158 344 5219 dolus
358 5176 477 5228 manere,
504 5168 536 5217 ot
558 5159 647 5232 palam
672 5168 717 5217 est
738 5174 772 5216 ex
793 5160 853 5230 ejus
876 5159 977 5226 rochis,
1001 5174 1064 5229 quat
1120 5160 1273 5229 Antequam
1298 5172 1362 5215 tero
1388 5159 1512 5232 exempla
1536 5158 1668 5233 prolerat,
1694 5159 1778 5217 dicit:
1793 5159 1944 5218 Aumdite

264 5253 432 5310 consulendo
444 5252 533 5309 allert.
547 5251 632 5309 lotch
644 5252 727 5320 eninr,
749 5250 845 5323 inquit,
856 5254 927 5322 soros
943 5249 978 5305 od
991 5250 1065 5305 ireos
1121 5250 1190 5305 uoltis
1205 5267 1215 5305 .·
1231 5250 1264 5306 iis
1285 5265 1351 5307 vero
1377 5252 1477 5320 allatis,
1502 5253 1665 5309 sententiam
1684 5249 1788 5325 protect
1796 5252 1908 5310 dicens
1934 5270 1942 5307 :

266 5344 380 5401 iamim
387 5345 455 5415 pieri.
462 5343 535 5401 -llide
548 5344 718 5415 prudentiam
732 5341 932 5409 concionantis,
956 5349 984 5396 et
995 5354 1065 5411 qno·
1124 5360 1134 5394 r
1149 5342 1182 5397 lit
1197 5358 1269 5400 nunc
1284 5342 1377 5414 itaque
1390 5342 1451 5400 dieo
1470 5344 1557 5413 robis,
1571 5344 1707 5401 Disceditc
1717 5344 1755 5401 ‘ab
1769 5340 1943 5401 litiminihus

265 5438 349 5498 modo
362 5437 452 5503 statim
477 5438 539 5496 illos
566 5437 597 5495 in
621 5445 724 5495 oretum
748 5434 883 5506 conjiciat.
898 5432 938 5489 lle
953 5448 1019 5489 reru
1034 5433 1065 5491 io
1120 5432 1190 5491 istis.
1202 5434 1247 5491 hl.
1262 5434 1329 5491 Post
1341 5434 1413 5492 hunc
1424 5436 1542 5493 surrexit
1554 5436 1639 5495 lodus
1650 5436 1778 5495 calceus
1787 5437 1816 5493 ln
1831 5436 1945 5494 diebos
2026 5480 2027 5507 ,

264 5530 446 5604 suspicionem
466 5540 583 5599 ventres,
597 5529 672 5602 quod
684 5527 781 5586 cadent
803 5542 863 5599 que
880 5526 919 5583 illi
934 5526 1064 5597 cumiret,
1122 5524 1311 5596 professionis,
1324 5536 1352 5583 ct
1363 5530 1460 5587 avertit
1482 5530 1611 5601 populum
1634 5530 1748 5587 multant
1762 5538 1828 5602 post
1848 5546 1903 5598 se;
1916 5536 1945 5585 ct

264 5637 312 5693 eos
325 5621 372 5696 qui
386 5623 542 5694 incpncilio
553 5620 695 5691 sedebant,
708 5635 741 5677 ac
760 5620 783 5677 si
798 5633 855 5676 sue
864 5618 1004 5691 ‚opinionis
1019 5633 1067 5676 es·
1119 5618 1179 5689 lpse
1188 5634 1294 5691 quoqne
1307 5620 1402 5691 periit;
1416 5630 1443 5679 et
1461 5636 1566 5692 omncs,
1581 5630 1714 5695 quotquot
1722 5630 1942 5680 consenserunt

263 5722 327 5773 tent
348 5714 512 5787 alloquitur3
532 5729 584 5773 nec
601 5714 688 5771 molta
708 5714 793 5770 utitur
817 5710 997 5777 vehementia,
1013 5711 1065 5769 scd
1119 5710 1280 5782 ei,dispersi
1294 5721 1367 5769 sont.
1378 5713 1423 5771 et.
1436 5712 1472 5769 lit
1492 5730 1564 5771 none
1576 5715 1668 5787 itaque
1682 5714 1742 5771 dico
1754 5712 1855 5781 robis,
1875 5714 1945 5772 Dis·

263 5808 341 5887 quasi
350 5822 412 5863 cunr
422 5806 487 5863 uiris
499 5805 592 5865 lurore
604 5806 697 5874 ebriis,
707 5807 743 5863 ita
756 5804 821 5863 dicit
833 5823 841 5861 ε
853 5804 899 5863 55.
915 5801 1066 5859 lirilsroe-
1119 5803 1207 5861 cedite
1220 5805 1254 5861 ah
1267 5804 1419 5861 hominihus
1428 5806 1498 5871 istit,
1517 5816 1545 5861 et
1557 5807 1639 5861 sinite
1653 5804 1716 5861 illos
1732 5820 1741 5861 r
1756 5804 1905 5878 quoniam
1922 5808 1948 5863 si

264 5899 327 5966 lite,
348 5900 469 5970 attendite
483 5900 645 5972 roiitsttpcr
667 5898 810 5969 hominihus
830 5898 887 5970 ictio
899 5896 961 5970 quid
979 5896 1065 5951 acturi
1119 5896 1371 5969 estexulromlnihus
1384 5896 1526 5966 cqnsillum
1537 5896 1946 5971 trocautopuedissolretun

264 5990 329 6045 sitit.
347 5990 386 6047 lic
407 6000 519 6062 temere,
538 5979 735 6065 irrquit,'nequc
750 5992 847 6050 leuiter
861 5990 994 6050 letamini.
1014 5991 1062 6051 ii.
1120 5990 1165 6048 59.
1181 5989 1203 6047 si
1213 6006 1277 6052 vero
1290 6006 1322 6048 ct
1335 5990 1389 6048 [leo
1401 5998 1452 6060 cst,
1463 6004 1515 6049 non
1527 5992 1650 6065 poteritis
1658 5990 1808 6055 dissolvere
1817 5989 1918 6053 illud.
1933 6006 1948 6049 t
