4084 6350
556 281 1292 366 ,uwfflmmmmm.
1741 295 1793 350 m

121 325 125 333 ¹
160 305 210 364 iti

160 425 225 470 tono
244 410 362 474 ciarius;
388 423 462 476 nune,
473 417 561 474 autem
584 406 667 478 magis
692 405 868 476 anigrnatiee.
882 402 957 460 iliud·
1002 419 1067 475 gare
1078 392 1235 470 saluerunu
1251 410 1278 459 et
1290 389 1424 473 quasi-'res
1438 401 1559 460 ilerinoo
1574 411 1672 472 posset,
1683 405 1792 460 misum

159 513 249 560 autern
275 501 329 574 agit
346 499 383 556 ob
401 507 547 556 extremam
572 491 678 554 illorum
694 497 835 552 insaniam.
858 493 953 566 Neque,
999 490 1076 547 iliam
1093 492 1223 550 ieoerttnt.
1237 491 1315 560 Quod
1327 493 1350 550 si
1364 501 1453 549 orente
1464 482 1610 549 valuissent
1620 482 1744 559 ,etiamsi
1761 495 1793 550 ii·

159 594 231 648 enim
243 589 289 647 ilie
298 589 343 662 qui
357 605 411 646 non
422 597 546 661 petentes
558 588 738 660 praeveniebat
752 597 780 645 et
806 588 880 658 signa
900 586 952 643 aas
1003 583 1049 638 iud
1062 582 1219 640 incredibile
1233 583 1369 640 rideretur
1381 597 1451 650 esse,
1466 591 1607 654 pesttquatn
1621 586 1792 656 mnits‘signa

150 683 219 748 bat,
243 689 370 755 petentes
391 681 545 752 repulisset,
571 679 622 734 nisi
637 679 698 736 iilos
721 693 800 749 pram
813 687 841 734 et
857 677 949 733 dolosa
1003 673 1114 736 iecerat,
1128 684 1191 730 tune
1205 675 1415 746 interrogassent
1429 674 1523 738 illum,
1539 681 1602 730 tune
1614 675 1714 744 preerti
1728 673 1794 731 iris·

158 783 251 828 mente
271 771 355 829 luisse
374 771 507 827 sciuisset.
532 769 598 824 llam
621 769 664 824 rel
692 771 748 838 ipsa
777 767 949 838 interrogatio

158 867 257 934 quauta
281 863 400 934 nequitia
413 863 490 933 plena
502 870 590 927 esset,
601 858 757 916 consideres
770 859 860 914 veiint.
883 858 958 915 Cum

158 957 230 1012 eninr
252 955 418 1025 oportuisset
431 952 490 1023 ejus
504 951 620 1008 studium
643 965 675 1006 ae
689 950 777 1006 selum
789 947 947 1021 approbare,

159 1053 238 1116 atque
250 1045 454 1116 obstupescere,
468 1043 541 1116 quod
554 1043 635 1098 talem
656 1041 753 1098 donum
766 1055 857 1097 curam
871 1055 949 1112 gere·

158 1143 217 1200 ret;
232 1133 274 1192 iili
288 1145 426 1200 accusant,
436 1149 468 1191 ae
480 1133 598 1192 uendere
616 1132 762 1190 sibidieore
773 1123 948 1200 contendunt,

157 1239 244 1295 neque
258 1225 342 1281 licere
360 1225 439 1282 sibit
454 1223 594 1280 arridendo
607 1223 749 1285 desistore.
769 1225 818 1281 nisi
841 1223 892 1296 ipsi
910 1225 949 1282 si·

157 1330 238 1385 gnum
252 1317 387 1372 ostendat.
397 1316 466 1385 Quid
479 1331 544 1386 ergo
555 1315 699 1374 Christus?
722 1315 766 1374 ii.
781 1315 878 1377 Solvite
888 1327 950 1372 tent·

158 1409 226 1478 plum
238 1411 297 1477 boc,
308 1419 332 1464 et
353 1409 473 1465 iatribru
486 1410 574 1466 dicius
586 1409 699 1466 recitabo
714 1411 790 1466 tttaa.
806 1409 886 1468 ilulta
900 1411 949 1468 ittt-

156 1501 272 1570 iusmodi
284 1502 410 1572 loquitur,
425 1516 483 1572 quae
497 1500 666 1558 audientibus
690 1502 744 1558 sint
757 1500 881 1569 obscum,
891 1490 948 1559 ‘sed

156 1599 217 1659 post
239 1589 339 1646 staturis
362 1591 444 1648 clara.
467 1589 521 1648 Cur
545 1591 594 1648 ltoe
607 1593 620 1648 l
633 1591 666 1650 Ut
679 1607 740 1650 curn
762 1593 801 1650 rei
815 1593 958 1664 praetuta.

157 1681 216 1735 iratis
236 1680 386 1748 adueniret,
400 1680 558 1751 probaretur
573 1682 659 1751 ipsum
675 1682 729 1754 jam
754 1683 817 1738 oiim
842 1683 867 1738 id
882 1697 950 1756 prn-

157 1771 285 1838 sciris=e;
308 1771 385 1844 qunti-
406 1773 433 1827 iu
449 1771 499 1828 nae
521 1771 660 1842 prophetia
672 1773 778 1830 accidit.
798 1772 865 1828 Nam
888 1775 925 1828 ait
939 1790 956 1830 t.

156 1862 199 1916 tu.
208 1861 274 1924 Curat
283 1864 459 1918 resurrexerat
469 1879 484 1924 ιι
495 1864 610 1930 mortuis,
620 1863 744 1918 recordati
756 1855 817 1918 tunt
830 1861 949 1934 discipuli

157 1959 209 2024 rjus
222 1954 283 2024 quia
298 1955 345 2008 itae
357 1953 455 2009 dicebat
471 1969 480 2008 .·
493 1962 524 2009 et·
532 1953 694 2009 aediderunt
708 1953 883 2026 scripturiret
895 1970 949 2009 acr-

157 2047 224 2100 aroni
237 2063 314 2114 quern
325 2043 486 2101 ttxttterur.
502 2043 569 2100 Cum
585 2044 642 2101 ittae
653 2044 816 2112 dicerentur,
838 2045 883 2101 aiii
901 2044 948 2099 dn

158 2136 276 2191 bitabant
288 2135 457 2206 quandonam
471 2135 496 2190 id
509 2144 666 2191 euenturum
682 2143 764 2202 esset,
780 2135 825 2190 alii
837 2145 949 2192 cortun·

156 2223 254 2279 debant
269 2221 391 2280 dieentes
409 2223 474 2282 2⁶20.
493 2210 669 2295 Quadraginta
681 2241 726 2280 sce
737 2226 812 2279 onais
833 2225 948 2296 redifica-

156 2325 259 2368 tunr.rat
279 2315 401 2384 templum
414 2315 471 2381 iroc,
495 2324 518 2369 et
537 2323 566 2368 tu
580 2314 607 2368 a'n
630 2315 708 2369 tribur
729 2313 816 2369 diebus
829 2316 948 2370 recitabis

156 2408 242 2462 illuri?
262 2407 442 2477 Quadraginta
459 2421 506 2462 ser
526 2406 604 2461 aunis
627 2406 759 2472 dieentes,
785 2407 951 2478 postremam

157 2497 247 2568 templi
258 2497 485 2552 constructionem
498 2496 666 2570 signilicaut;
682 2497 755 2568 prior
766 2499 838 2552 enim
856 2497 947 2569 viginti

97 2641 101 2648 ,
155 2588 231 2644 arinis
244 2588 367 2642 altsnittta
381 2587 439 2642 lull.

190 2679 217 2732 5.
232 2677 286 2732 Cur
297 2677 482 2750 crgoacnignta
501 2677 565 2734 iliud
581 2679 742 2747 nonsolrit,
757 2694 844 2751 neque
857 2679 922 2735 diilt
939 2699 946 2735 ι

156 2769 211 2824 iion
225 2769 262 2826 de
274 2771 325 2826 boe
340 2769 441 2840 templo
452 2772 556 2841 loquor,
565 2771 612 2828 sed
626 2772 660 2828 do
672 2787 752 2828 carne
766 2788 839 2838 mea;
854 2791 946 2830 veruto

155 2861 329 2932 orangelista,
344 2859 388 2916 diu
407 2870 498 2930 postea
516 2862 635 2919 scribens
648 2864 830 2935 euangelium,
846 2865 946 2922 dietum

157 2951 218 3006 iilud
234 2951 393 3020 expliearit,
406 2951 450 3008 ilie
461 2966 526 3009 rero
538 2952 637 3010 tacuit?
656 2954 761 3023 Quare?
778 2956 844 3025 Quia
858 2957 946 3014 verbis

155 3042 213 3111 ejus
231 3041 310 3096 iidem
324 3056 377 3096 noo
391 3040 555 3098 habuissent.
570 3041 599 3100 st
611 3045 683 3101 enim
698 3047 850 3118 nequidem
864 3046 945 3103 disci·

155 3131 208 3201 puli
230 3141 357 3203 poterant
379 3141 442 3189 tune
463 3133 631 3205 intelligere,
647 3134 731 3190 multo
745 3137 832 3192 miurus
849 3138 945 3195 trtrbe.

154 3225 222 3279 Cant
230 3227 391 3292 mutuet,
402 3226 497 3297 inquit,
507 3224 610 3281 dataro
623 3228 738 3293 mortuis,
751 3238 809 3283 tuac
821 3229 947 3284 recordati

154 3324 271 3380 annet
290 3314 569 3369 credideruntrermoai
583 3324 607 3370 et
621 3314 774 3385 Scriptores.
799 3316 856 3373 bun
875 3319 945 3374 ettlnt

1002 774 1064 822 sent
1073 774 1102 820 ut
1114 764 1220 822 iliorum
1229 767 1422 823 dubitationem
1432 766 1565 831 solveret;
1579 767 1627 822 sed
1638 768 1793 824 itrsanietttr
1880 815 1882 820 .

1003 865 1104 923 essent,
1118 857 1178 912 aliis
1187 856 1267 914 dietis
1278 872 1313 914 no
1324 859 1464 912 miraturum
1477 857 1587 928 quidem
1602 857 1772 915 atterulerartt

1003 947 1208 1004 uliarerocom
1225 949 1294 1004 rnala
1307 957 1397 1005 mente
1408 948 1561 1005 atrdiebant.
1584 947 1701 1020 ideoque
1711 947 1795 1006 cirri·

1002 1052 1060 1114 stus
1073 1043 1240 1114 aenigmatice
1249 1044 1315 1116 ipsis
1327 1043 1495 1115 loquebatur.

1038 1133 1090 1188 Ger
1095 1133 1209 1189 coeatur
1214 1135 1318 1190 rmnaisi
1324 1135 1793 1206 enigmaticedirciparlltti'eutcfstttra

1002 1226 1183 1289 rerurrectione
1192 1227 1291 1280 locutus
1300 1228 1385 1297 [aeut.
1400 1227 1578 1298 Apostolorum
1588 1229 1675 1285 ¹ttirtttr
1686 1237 1793 1301 qenais.

1004 1315 1171 1389 Eieentoagno
1181 1317 1425 1374 comtttetrdettrr.-
1434 1320 1487 1375 Sed
1502 1321 1573 1392 quod
1585 1323 1641 1390 jam
1652 1323 1792 1391 quaeritur,

1003 1405 1055 1462 irae
1068 1418 1129 1474 est,
1144 1424 1193 1462 cnr
1206 1408 1330 1482 disclptrii
1344 1424 1397 1464 aron
1413 1410 1535 1466 noverint
1549 1412 1636 1480 ipsura
1649 1427 1666 1468 a
1680 1413 1795 1470 mortuis

1002 1500 1304 1572 resurrecturuutcsse?
1316 1499 1382 1568 Quia
1397 1501 1513 1555 nntrdnm
1528 1500 1644 1572 Spiritus
1656 1502 1742 1571 gratia
1753 1502 1794 1557 di·

1002 1590 1074 1659 gnati
1093 1587 1209 1645 irreraut.
1230 1590 1399 1663 Qtrapropter
1412 1591 1446 1647 rle
1460 1593 1657 1649 resurreetione
1671 1592 1796 1664 iretquetr·

1003 1688 1045 1734 ter
1056 1678 1210 1745 audbntes,
1227 1681 1294 1736 nibil
1306 1682 1512 1754 intelligebant:
1528 1683 1575 1739 sed
1584 1684 1794 1754 'cogitabantio-

1002 1779 1045 1827 tra
1058 1787 1088 1828 se
1101 1773 1227 1843 quidhoc
1238 1783 1319 1830 esset.
1334 1773 1400 1830 Nara
1414 1774 1575 1846 stupentium
1585 1785 1613 1831 et
1627 1779 1794 1846 inexspecta-

1003 1871 1058 1916 tum
1073 1873 1141 1928 erat,
1154 1863 1224 1934 quod
1236 1863 1384 1931 dicebatur,
1400 1867 1471 1936 quoti
1485 1881 1582 1936 trentpe
1591 1867 1724 1938 quispiam
1733 1881 1794 1922 seso

1001 1962 1092 2023 posset
1106 1953 1280 2021 resuscitare,
1296 1964 1376 2025 atque
1389 1956 1435 2011 ilio
1448 1957 1528 2012 motin
1540 1957 1711 2014 resuscitare.
1726 1957 1791 2014 idea»

1002 2041 1097 2098 Peiros
1111 2041 1263 2115 irrerepams
1275 2045 1333 2107 luit,
1346 2046 1416 2114 quod
1436 2059 1497 2100 etttn
1515 2046 1686 2103 niitd'nosset
1700 2047 1735 2104 de
1751 2063 1793 2104 rc-

1000 2134 1184 2202 surrectione,
1205 2136 1305 2192 diecret
1320 2156 1327 2192 t
1344 2135 1474 2206 Propitius
1487 2147 1539 2192 erto
1554 2137 1598 2192 iiii
1615 2133 1792 2209 (Bottiaia.

1000 2225 1058 2296 Ἠ).
1071 2225 1164 2298 Neque
1176 2225 1297 2282 Christus
1311 2239 1373 2284 ante
1388 2245 1445 2285 rem
1459 2228 1543 2299 ipsam
1556 2229 1606 2284 ime
1619 2231 1674 2291 illis
1688 2231 1776 2287 revela

1001 2301 1792 2390 mmmmmmmmmmms

1000 2406 1099 2463 bebant
1111 2408 1209 2478 iisquat
1219 2410 1462 2481 dicebantur,qnod
1473 2427 1504 2466 ea
1514 2413 1658 2469 admodum
1668 2415 1792 2485 inexspe-

1000 2508 1071 2554 elata
1085 2509 1184 2561 essent,
1199 2515 1286 2570 neque
1298 2500 1371 2556 clare
1384 2502 1485 2558 seirent
1496 2503 1556 2570 quis
1570 2513 1642 2559 esset
1653 2504 1742 2565 iesus.
1756 2505 1792 2560 iis

999 2588 1071 2644 enan
1091 2603 1150 2659 quat
1168 2589 1296 2659 operibus
1311 2589 1375 2660 ipsis
1389 2591 1461 2646 clare
1479 2594 1695 2663 comprobantur,
1712 2610 1792 2650 nemo

1000 2677 1080 2742 iidem
1100 2680 1251 2750 negarerit;
1273 2679 1325 2734 iilis
1338 2693 1402 2736 vero
1417 2697 1476 2750 qum
1489 2682 1579 2738 uerbis
1596 2683 1683 2739 selum
1701 2684 1791 2756 proie-

1000 2769 1137 2832 rebautur,
1152 2767 1296 2824 verisimile
1306 2779 1363 2824 erat
1377 2769 1507 2840 quosdam
1520 2771 1598 2828 iidem
1610 2787 1671 2830 esse
1681 2785 1792 2847 negatu-

999 2873 1054 2915 ros.
1070 2858 1172 2914 idcirco
1180 2859 1285 2915 sinebat
1297 2859 1371 2915 initio
1383 2875 1439 2916 rem
1449 2862 1579 2918 occultam
1588 2863 1708 2921 manere.
1723 2866 1783 2922 Con

998 2958 1088 3004 autem
1100 2949 1284 3019 esqurimeuto
1297 2950 1368 3006 dieta
1381 2965 1429 3007 sua
1439 2965 1502 3007 uera
1514 2953 1715 3026 eorraprobabat,
1728 2965 1789 3013 tuta
1844 2949 1849 2956 “

999 3041 1141 3095 vernorum
1161 3041 1241 3095 citabat
1260 3041 1480 3112 intelligentiam,
1500 3051 1654 3114 tantamque
1674 3044 1789 3115 Spiritus

998 3131 1121 3201 gratiam,
1134 3139 1164 3186 ut
1175 3131 1315 3187 cottiestinr
1327 3134 1416 3188 omnia
1428 3135 1589 3205 acciperent.
1605 3134 1654 3192 ttte
1662 3138 1739 3201 euint,
1749 3137 1790 3191 iu-

999 3222 1072 3293 quit,
1088 3223 1156 3276 coitis
1168 3224 1369 3279 contruentorubil
1381 3226 1476 3291 omnio.
1496 3226 1562 3281 liam
1576 3230 1619 3299 qul
1632 3232 1789 3301 contemtum
1813 3293 1816 3297 .

998 3312 1033 3367 de
1045 3312 1090 3367 ilio
1104 3292 1295 3379 rerereu'tiam,
1308 3330 1361 3370 una
1372 3330 1485 3386 vespera
1497 3300 1689 3387 deposnerunt,
1702 3333 1735 3374 ac
1747 3318 1786 3374 tn·

81 3474 84 3481 Ι
154 3406 219 3477 ipsis
229 3415 294 3462 trane
309 3408 729 3477 proponebantur,restureetio,
744 3418 786 3475 et,
799 3408 869 3480 quari
885 3426 942 3471 nra..
998 3412 1105 3473 gerutrt,
1118 3403 1208 3473 quise
1221 3400 1409 3461 dicebantnon
1421 3420 1502 3462 nosse
1515 3406 1599 3472 iilum,
1612 3408 1655 3462 via
1669 3410 1788 3465 omnium

152 3498 277 3565 lauerat,
295 3512 358 3551 num
373 3496 442 3553 Deus
454 3504 526 3554 esset
539 3498 561 3554 is
575 3499 618 3569 qui
636 3498 708 3554 lotus
720 3498 872 3566 habitabat,
886 3517 946 3572 qna·
997 3508 1057 3563 quat
1070 3492 1153 3547 multo
1168 3505 1289 3563 temporo
1302 3492 1370 3551 iacta
1382 3494 1506 3567 dictaque
1519 3496 1640 3564 lucrant,
1655 3498 1789 3555 recordati

154 3588 235 3643 aurbo
247 3588 427 3645 subindicavit
436 3586 528 3645 dicens
541 3586 657 3646 :Saluiae
669 3589 791 3661 terragium
800 3590 865 3657 boe,
883 3601 906 3656 rt
917 3592 946 3647 in
997 3578 1126 3649 [bisseni.
1146 3581 1197 3637 nisi
1216 3597 1339 3653 metuam
1361 3585 1519 3654 consequuti
1542 3586 1655 3643 luissent
1673 3584 1790 3659 Spiritus

155 3680 239 3735 ratur
255 3678 344 3734 utetur
363 3678 475 3733 mimia
494 3677 560 3734 titud
574 3694 585 3735 ,·
598 3680 670 3749 quod
691 3680 789 3737 Paulus
809 3681 875 3737 doctr
892 3697 945 3739 non
996 3675 1121 3745 gratiam.
1143 3672 1172 3730 Si
1194 3690 1277 3740 tero,
1293 3672 1412 3745 iniquies,
1427 3676 1681 3746 aspirituaudituri
1694 3692 1788 3751 erant,

155 3785 267 3838 parrum
281 3784 342 3827 esse
354 3768 499 3825 divinitatis
511 3770 627 3841 signum,
640 3769 683 3825 iris
696 3771 786 3827 uerbis
798 3789 804 3826 :
818 3772 867 3839 Qui
878 3788 944 3843 prrs-
997 3762 1061 3835 quid
1074 3779 1141 3835 opus
1154 3775 1213 3820 erat
1227 3763 1288 3819 iilos
1300 3780 1360 3820 cartu
1374 3766 1483 3823 Cirristo
1496 3772 1607 3837 versari,
1619 3786 1673 3828 nou
1685 3771 1789 3830 intelle·

154 3860 295 3914 destinates
313 3868 351 3913 cst
369 3856 453 3913 Filius
467 3856 515 3913 ttet
525 3859 552 3913 la
564 3858 805 3941 uirtuteaecrtarlsor
819 3859 945 3937 Spiritum
997 3864 1088 3913 elutos
1097 3870 1130 3912 ea
1144 3872 1203 3927 quse
1215 3856 1389 3915 dicebantur?
1399 3860 1530 3929 Quoniam
1544 3861 1659 3933 Spiritus
1671 3875 1725 3920 non
1737 3863 1788 3921 rio-

153 3952 379 4019 sarrrtificotioais,
394 3951 617 4006 soreremeetione
630 3950 946 4007 mortuorrtmitruclrn‘·
998 3945 1063 4014 cuit,
1086 3947 1133 4003 sed
1157 3948 1186 4005 in
1206 3951 1362 4007 memoriam
1384 3953 1519 4010 remeavit
1537 3943 1573 4010 ea‘
1588 3970 1647 4027 qnae
1668 3956 1790 4013 clrrtstus

154 4044 186 4097 ιιι·
197 4044 209 4113 l
219 4042 299 4098 ilem.
314 4042 341 4097 i.
361 4040 407 4111 ii.
422 4040 476 4097 Cur
490 4050 518 4098 et
529 4042 582 4099 iilic
594 4049 622 4099 et
635 4040 678 4099 iric
693 4052 721 4099 et
735 4044 831 4114 ubique
844 4043 894 4099 ltoe
908 4043 946 4101 sl·
997 4034 1111 4097 dixerat.
1133 4038 1191 4097 lion
1203 4057 1297 4113 partam
1311 4053 1400 4100 autem
1413 4044 1446 4099 ad
1459 4045 1570 4117 gloriam
1583 4044 1682 4101 Cirristi
1695 4046 1790 4105 cotale-

153 4153 235 4208 gnum
248 4134 304 4201 dat,
316 4134 396 4190 mttdo
407 4134 510 4200 dicens,
521 4134 584 4191 Cum
596 4136 719 4191 recitatus
729 4139 800 4208 [atrro
811 4153 821 4203 ς
833 4145 870 4205 et,
882 4137 946 4197 iiam
999 4136 1085 4203 rebat,
1097 4134 1168 4209 quoti
1183 4134 1298 4208 Spiritus
1310 4136 1459 4192 mitteretur
1468 4134 1502 4191 ad
1513 4136 1693 4193 renovandam
1702 4133 1788 4192 dicto·

155 4228 326 4285 amramitis
341 4226 437 4281 Filium
450 4226 576 4294 laminis,
591 4237 650 4282 tuae
662 4228 817 4299 cognoscetis
828 4230 887 4304 qula
901 4248 946 4305 rgo
999 4245 1060 4289 rum
1072 4244 1180 4287 suorum
1191 4230 1359 4286 memoriam.
1380 4228 1459 4285 initio
1472 4230 1581 4303 quidem
1594 4245 1627 4285 ea
1643 4230 1690 4285 lici
1705 4230 1788 4287 bene·

155 4338 209 4374 ιιιιιι
222 4319 312 4388 (toea.
326 4318 367 4375 tt.
378 4317 422 4375 tt.
438 4326 461 4373 et
472 4318 499 4374 8.
508 4317 581 4391 28);
596 4318 675 4377 modo
687 4329 788 4389 atatem,
799 4322 834 4378 itt
847 4326 947 4396 signnm
999 4324 1060 4384 iieio
1075 4324 1141 4393 init,
1153 4322 1224 4396 quod
1239 4320 1356 4394 Spiritus
1369 4324 1455 4395 gratia
1466 4322 1619 4389 'involaret,
1632 4323 1667 4379 ita
1681 4321 1790 4393 copiosa
1824 4385 1828 4393 ,

156 4428 205 4465 aron
220 4408 323 4465 dabitur
336 4408 421 4475 ociis,
442 4408 491 4475 oiri
503 4406 689 4479 signamiouoe
701 4410 806 4487 (blattis.
819 4414 863 4470 ts.
874 4414 946 4487 billa
999 4424 1029 4472 et
1048 4417 1151 4485 ampla;
1175 4412 1272 4471 deinde
1291 4429 1384 4468 eorum
1398 4412 1503 4469 uirtutis
1521 4412 1580 4480 luit,
1600 4412 1670 4485 quud
1689 4412 1790 4471 douram

157 4510 236 4569 atqne
258 4497 303 4555 bie
324 4515 449 4573 rursum,
467 4496 501 4555 ia
517 4502 596 4557 tutas
620 4502 705 4561 dicito
730 4504 843 4562 excitabo
862 4504 948 4563 iliud?
1000 4514 1103 4561 matram
1124 4505 1280 4560 maureceni.
1296 4502 1381 4557 Vitam
1402 4502 1501 4573 quippe
1520 4494 1662 4560 sanctitate
1680 4504 1788 4575 conspi-

156 4592 222 4659 Qnia
234 4590 285 4645 iroe
297 4592 412 4649 ausimo
424 4605 580 4665 argumento
590 4595 784 4655 ostendebatur
795 4597 880 4667 ipsum
892 4614 945 4657 nort
999 4610 1078 4651 cuam
1095 4593 1238 4659 ducebant,
1254 4594 1417 4665 multamque
1436 4584 1594 4665 'sapientiam
1611 4596 1789 4658 eriribebant.

156 4698 216 4738 csse
230 4696 328 4753 purum
342 4684 495 4751 iaominem,
509 4688 578 4757 quod
590 4697 680 4759 posset
691 4688 818 4746 aduersus
832 4697 946 4745 mortem
1000 4690 1159 4759 laboresque
1169 4700 1279 4757 magnos
1289 4704 1298 4741 :
1310 4687 1392 4742 uitam
1404 4698 1562 4756 presentem
1571 4688 1790 4753 contemnebant,

158 4780 287 4845 tropeum
310 4776 431 4851 erigere,
455 4792 486 4833 ae
507 4778 659 4853 diuturnam
684 4780 754 4839 illius
778 4780 945 4853 tgranuidem
999 4780 1116 4835 brrrnana
1138 4778 1213 4833 niiriii
1233 4777 1395 4848 pendebant,
1419 4776 1468 4833 sed
1490 4781 1644 4848 superiores
1665 4776 1791 4833 otnniimt

158 4868 320 4942 rititicilcque
340 4872 438 4926 beilum
455 4870 521 4929 illud
541 4880 592 4925 tam
613 4869 667 4927 cito
686 4872 798 4927 soluere.
824 4870 886 4925 iden
899 4871 946 4935 alt,
1000 4872 1091 4937 iuere;
1105 4871 1214 4925 aesieut
1226 4868 1323 4940 aquiiae
1336 4869 1410 4925 leues
1423 4870 1450 4924 iu
1463 4869 1689 4933 aitumrolantes,
1700 4866 1790 4937 operi·

160 4960 229 5016 Tuae
238 4962 331 5016 scietis.
341 4959 423 5023 Tunc,
434 4960 619 5029 quandonam?
632 4960 697 5017 Caum
709 4970 846 5030 postquam
857 4971 947 5015 resur·
999 4967 1050 5023 bus
1064 4964 1198 5033 adipsum
1211 4961 1306 5017 celum
1320 4960 1524 5032 pertingebant,
1539 4974 1639 5031 perque
1650 4973 1732 5027 opera
1746 4958 1789 5011 tq.

148 5066 265 5117 resero,
281 5052 419 5107 attraham.
437 5060 519 5106 totum
541 5053 643 5115 orbem,
665 5061 728 5107 turre
746 5050 837 5106 scietis
858 5066 900 5105 rnre
921 5044 948 5123 ut
999 5063 1108 5127 gentem
1120 5052 1235 5123 Spiritus
1245 5053 1358 5123 gratiam
1373 5051 1538 5107 obtinebant.
1563 5050 1618 5105 llos
1637 5047 1727 5117 itaque
1739 5060 1791 5103 uos
1822 5120 1829 5132 ,
1875 5052 1879 5059 '

161 5142 241 5195 lietrm
254 5149 282 5197 et
294 5156 388 5197 recum
405 5140 452 5197 bet
466 5141 560 5197 Filium
570 5142 596 5197 id
608 5142 711 5207 iecisse,
722 5140 755 5197 ad
769 5141 946 5198 ruciacensem
1000 5160 1105 5218 quoque
1115 5145 1265 5200 imitemur:
1275 5160 1309 5199 ne
1316 5145 1516 5215 exstinguamus
1524 5138 1662 5210 lampades
1672 5146 1789 5202 obtuse.

160 5233 230 5289 Patri
244 5234 345 5288 illatam
360 5234 559 5291 contumeliam.
572 5232 626 5289 Cur
637 5244 725 5289 autem
737 5248 790 5288 non
804 5233 948 5303 dicit„qui-
999 5238 1047 5295 sed
1056 5236 1158 5293 lucidas
1167 5250 1217 5305 per
1226 5235 1423 5307 eleemosynam
1435 5234 1585 5290 reddanuts.
1597 5229 1714 5300 liuiusee
1721 5228 1790 5300 iguis

160 5340 285 5395 :asopus
297 5334 369 5381 esset
384 5325 478 5395 signis,
493 5324 527 5381 ad
541 5324 720 5381 malefactum
734 5324 948 5391 attenuasset
1001 5324 1090 5386 iumen
1104 5331 1139 5383 ita
1153 5337 1284 5384 seruatur.
1297 5329 1461 5398 colligamus
1473 5326 1553 5395 igitur
1565 5323 1692 5379 alsonia
1707 5322 1790 5383 raab.

161 5430 190 5469 se
201 5418 308 5486 signum
326 5416 451 5475 daturum
463 5431 523 5473 csse
537 5418 672 5487 pollicitus
684 5417 744 5473 est?
755 5418 823 5487 Quia
836 5418 874 5473 sie
888 5417 949 5473 illos
1001 5419 1064 5475 dom
1078 5419 1209 5475 uiuimus.
1222 5417 1313 5487 Neque
1325 5417 1396 5473 enim
1412 5422 1473 5484 post
1489 5412 1637 5468 discessum
1655 5412 1727 5469 bunc
1739 5426 1791 5468 no·

145 5508 243 5579 .rnagis
263 5508 411 5585 irritasseta
434 5506 485 5565 iroc
505 5518 593 5565 autem
612 5509 692 5565 niodo
704 5510 789 5583 magis
808 5496 945 5567 exterruit.
1001 5517 1086 5565 strtun
1105 5521 1247 5579 possumus
1262 5506 1327 5562 iilud
1345 5520 1451 5569 emere,
1466 5518 1519 5559 nee
1534 5502 1641 5558 aliunde
1653 5504 1788 5573 accipere,

163 5601 283 5655 Attamen
306 5600 370 5654 niltil
385 5600 417 5654 ad
433 5600 483 5655 iaoc
498 5600 693 5671 responderunt
706 5622 713 5658 ε
728 5602 863 5660 uidebatur
876 5604 948 5660 enim
1002 5600 1053 5655 nisi
1067 5614 1114 5670 per
1123 5612 1218 5654 manus
1229 5611 1383 5667 pauperum.
1397 5594 1473 5662 iliud,
1485 5594 1673 5666 inquam,bine
1681 5592 1789 5651 abunde

164 5688 213 5745 iliis
232 5690 390 5749 incrcdtltiie
408 5690 543 5763 quidpiam
554 5692 670 5773 'dicere,
686 5694 819 5751 neeultra
833 5694 948 5753 interro·
1004 5691 1169 5763 colligamus,
1184 5690 1207 5746 si
1220 5688 1333 5745 uelimus
1350 5700 1412 5746 eum
1423 5702 1521 5761 sponso
1538 5689 1639 5760 ingredi
1654 5706 1660 5742 :
1673 5688 1715 5745 sio
1733 5680 1789 5744 rui-
