4084 6350
267 294 317 355 iot

267 494 406 550 homiuem
430 495 552 560 inllarit.
577 499 636 569 ejus
654 502 773 557 animum
796 497 918 559 mtrmvit,
938 493 1063 577 adectqtn

266 567 422 633 transtulit;
436 568 504 623 alius
517 584 567 639 pro
583 573 636 627 alio
646 588 708 628 esse
725 572 842 627 videtur.
855 568 922 624 llam
936 566 969 619 de
983 563 1064 649 Saule

267 636 335 693 dicit
346 638 428 704 Dens,
443 639 538 696 videns
550 640 626 698 illum
642 659 674 699 ex
684 644 813 713 dignitate
823 640 920 695 mutari
933 655 939 690 :
950 636 1020 721 llnxt
1039 644 1064 687 te

268 708 419 773 dominnm,
442 719 470 766 ct
488 713 634 783 requirent,
651 722 679 770 ct
692 714 794 769 dabunt
809 713 856 768 tibi
873 712 1062 781 princtpatutn,

267 788 297 835 et
310 780 346 836 ab
360 780 412 835 illis
426 782 542 853 accipies
556 801 563 837 r
581 785 683 841 Etcum
707 787 761 841 hec
775 786 849 851 siqua
862 797 939 847 araper
952 790 976 834 te
987 793 1064 832 eene-

219 910 224 919 ,
267 851 332 917 rint,
345 852 521 908 mateteriam
535 852 721 912 aliaut'airant
736 858 773 927 (l.
791 855 916 928 neq-to.
932 853 958 907 l.
979 852 1006 904 'l.
1026 848 1063 915 o).

269 921 384 978 Mutabit
396 925 468 977 enirn
486 933 512 981 te
523 929 640 994 potentia
649 937 676 984 et
685 929 811 999 dignitas,
821 942 874 980 nou
886 923 956 995 quod
970 933 1065 995 omines

268 1003 372 1057 mutet:
389 993 496 1050 lldelenr
512 998 584 1052 euim
606 1015 659 1055 non
676 1009 769 1063 nurtat,
784 999 831 1054 sed
847 994 997 1063 improbum
1024 1006 1067 1046 su·

268 1072 348 1132 perat
360 1075 389 1121 et
399 1066 569 1123 nranilestum
589 1072 687 1127 reddit.
710 1071 880 1139 Quapropter
892 1065 965 1121 lidoli
978 1064 1044 1138 dicit
1058 1080 1064 1116 :
1084 1075 1086 1082 ·

269 1136 299 1192 Si
324 1137 449 1207 princeps
472 1138 509 1194 sis
533 1142 706 1203 constitutus,
729 1151 789 1197 esto
805 1149 832 1196 tu
855 1140 929 1207 quasi
950 1151 1020 1218 rinus
1032 1148 1065 1188 ex

268 1208 394 1263 subditis.
407 1209 499 1279 ltaque
509 1210 531 1264 si
548 1211 590 1267 hic
604 1215 719 1269 amicitia
728 1228 801 1281 sarie
812 1211 887 1275 fallit,
900 1223 972 1278 saepe
983 1218 1065 1288 ettam

268 1293 334 1335 vera
362 1292 472 1345 manen
489 1282 599 1337 tlhristh
612 1302 676 1340 vero
701 1285 819 1339 amicitia
837 1283 935 1337 cadero
953 1284 1065 1360 nequit:

268 1366 332 1407 cnm
342 1352 417 1407 rides
430 1352 506 1408 illum
518 1354 545 1408 in
557 1354 659 1425 gloria,
683 1372 736 1410 uon
749 1366 829 1426 negat
839 1362 876 1413 te,
891 1351 936 1421 qui
950 1350 1067 1431 illumin

268 1431 341 1479 terra
352 1423 464 1490 adoras;
479 1424 527 1479 sed
539 1427 601 1480 acsi
617 1436 643 1482 te
657 1427 737 1482 hodie
751 1427 777 1480 in
790 1423 933 1480 amicitiam
951 1432 1069 1489 recepis-

267 1503 321 1555 εει,
336 1504 364 1550 ιε
377 1495 500 1558 advocat,
515 1506 539 1551 et
550 1498 694 1552 amicitiam
705 1498 751 1552 tibi
764 1497 874 1552 exhibet
887 1512 895 1549 a
913 1492 1011 1554 Venite,
1027 1491 1069 1544 be·

267 1565 364 1620 aedisti
372 1564 458 1621 Patris
468 1567 517 1621 arei
527 1558 635 1636 (llattlt.
649 1568 694 1623 25.
711 1568 768 1635 at).
782 1569 830 1623 llic
841 1580 914 1636 sape
922 1565 944 1619 si
954 1563 1067 1630 gratiam

268 1636 348 1693 alicui
377 1638 508 1709 pra-beas,
537 1639 560 1693 is
573 1638 687 1708 adeptus
711 1639 908 1710 principatum,
924 1635 998 1690 illam
1013 1648 1067 1699 qon

267 1707 386 1774 latetur:
401 1709 459 1773 sed,
480 1710 584 1765 etiamsi
599 1710 712 1780 gratiam
727 1711 832 1774 reddat,
844 1709 960 1780 primum
983 1712 1068 1789 bene-

268 1779 360 1835 stciom
375 1782 510 1836 occultat:
526 1796 579 1836 non
595 1784 667 1837 enim
686 1782 743 1836 rult
757 1781 841 1837 rideri
856 1780 978 1836 benetico
1000 1775 1069 1861 qde-

267 1850 335 1919 riae
344 1853 391 1908 setl
400 1852 524 1908 :imicitian
532 1852 638 1921 quidem
648 1861 700 1909 tuae
711 1854 795 1909 vicem
804 1851 902 1917 reddit,
911 1849 1068 1904 beneficium

267 1933 358 1979 autem
369 1924 495 1979 occultat.
510 1922 639 1980 Servatur
655 1934 744 1979 autem
769 1925 911 1980 amicitiam
928 1921 1070 2003 prolitetqr

269 2003 295 2050 et
308 1994 468 2051 benebcium
484 2012 536 2050 tton
550 1996 677 2051 occultat.
693 1995 796 2051 Ιιειιιιυι
816 1998 895 2059 eninr,
915 2004 939 2048 et
962 1991 1070 2047 dedistis

269 2066 333 2120 milri
360 2068 516 2121 maadttcare
538 2064 621 2141 (lota.
634 2084 660 2120 a.
674 2068 733 2139 55),
761 2079 813 2123 etc.
829 2066 953 2121 Amicitia
979 2064 1070 2132 itaque

269 2138 394 2207 splendet
408 2138 542 2201 Salvator,
571 2139 696 2207 splendet
717 2148 745 2193 et
757 2138 889 2194 beneiirio
901 2155 908 2191 :
921 2152 975 2190 nou
990 2143 1068 2203 negat

269 2209 412 2279 pristinam
427 2208 583 2277 amicitiam,
598 2209 723 2265 allectum
738 2218 814 2265 tuum
828 2207 982 2271 aorrhtetur,
995 2219 1071 2258 atuo-

270 2296 330 2338 rem
342 2280 488 2350 praedicat,
504 2280 673 2351 propositum
685 2290 807 2337 coronat.
818 2281 896 2335 lllum
909 2294 972 2349 ergo
985 2278 1070 2333 berre-

270 2354 351 2408 tlcum
366 2351 523 2417 habeamus,
537 2367 591 2407 aon
605 2352 745 2421 'judicent
768 2352 854 2409 ludex
878 2350 985 2421 quidem
1007 2356 1069 2412 est,

271 2432 301 2480 et
308 2423 392 2494 jadex
405 2422 543 2489 ueritatis;
557 2423 604 2479 sed
621 2432 650 2478 tu
665 2424 781 2492 praeveni
799 2440 879 2485 eum,
902 2434 929 2477 et
954 2420 1070 2474 amicum

271 2494 367 2557 redde,
380 2510 434 2549 nou
446 2494 580 2565 iudicem3
594 2494 672 2566 placa
685 2494 770 2550 illum.
785 2495 844 2551 Nou
860 2493 935 2550 rides
944 2500 1072 2550 externos

271 2567 418 2637 principes,
432 2565 568 2634 quomodo
591 2567 816 2630 circumcurrunt,
835 2576 863 2622 et
875 2563 1009 2646 quomodo
1031 2562 1071 2645 ia·

272 2638 393 2693 toiliares
407 2651 471 2692 siros
490 2636 682 2707 alloquantur?
693 2637 794 2693 Verum
807 2637 852 2694 ltic
864 2638 898 2693 de
910 2635 998 2691 modis
1012 2648 1072 2704 agt-

272 2719 329 2773 tur,
341 2708 396 2766 illic
409 2707 444 2763 de
456 2708 660 2764 intercessione.
675 2708 752 2764 Prius
762 2709 900 2780 alloquere
927 2715 1071 2789 martyres,

273 2780 318 2836 dic
327 2778 458 2848 apostolis
470 2798 477 2832 ι
490 2778 612 2835 Obsecro
624 2796 682 2843 ros,
694 2792 843 2849 proparate
854 2778 918 2835 mibi
929 2776 1050 2833 iudicem
1063 2793 1070 2830 :

273 2852 309 2905 sit
332 2850 397 2905 mihi
413 2850 544 2921 propitius
559 2850 586 2904 in
601 2861 724 2915 tempore
742 2851 846 2919 judicii,
861 2865 922 2908 curn
936 2850 1073 2904 examina-

273 2922 375 2977 buntur
398 2936 481 2984 rapere
497 2936 576 2985 mear
600 2923 713 2976 suadete
726 2921 783 2977 illi:
801 2924 889 2992 ipsum
904 2920 1010 2989 placare
1026 2935 1074 2987 po·

273 2994 360 3048 testis.
374 2992 446 3052 Scio,
462 2992 548 3059 ipsum
562 2992 639 3049 rolris
657 2994 821 3048 exorabilem
836 3010 916 3053 esse:
933 3007 983 3063 ego
1002 2991 1072 3045 lidu-

273 3065 342 3118 ciaut
359 3078 411 3117 nou
428 3062 525 3127 habeo,
539 3062 695 3134 voslirgetu
709 3063 887 3135 alloquimini.
898 3064 950 3122 Sed
961 3076 1075 3129 respon·

273 3135 376 3190 debunt
392 3132 437 3190 tibi
461 3135 576 3202 :apastoli
590 3146 616 3190 ct
641 3147 793 3208 martyres:
815 3136 872 3192 Non
895 3136 963 3192 tacisti
988 3135 1073 3192 Deum

274 3207 464 3276 uostrtuu.qui
488 3208 572 3276 gratis
596 3209 809 3262 nrisericordiaat
827 3210 962 3280 impertit,
985 3207 1033 3262 sed
1058 3222 1073 3261 a

274 3277 353 3332 nobis
365 3277 422 3331 ιιιιΙι
435 3278 578 3346 accipere?
594 3279 629 3332 Du
647 3280 819 3348 pauperibus,
832 3292 860 3336 ει
872 3280 918 3336 ille
939 3293 988 3348 pro
1008 3277 1075 3348 ipsis

274 3349 322 3403 tibi
333 3351 446 3419 gratiam
462 3348 630 3416 profitebitur
641 3365 649 3416 3
664 3351 762 3420 largire
771 3353 796 3405 in
809 3368 902 3406 titanus
913 3365 1073 3422 pattperum,

274 3429 302 3476 ει
312 3422 387 3488 quast
402 3421 428 3474 in
444 3435 539 3475 manus
553 3421 640 3488 tidelis
653 3421 803 3489 deqiqneus,
816 3423 1019 3478 retributionem
1030 3439 1075 3478 ac·

275 3490 361 3558 cipies
376 3509 383 3544 :
399 3491 434 3546 tla
449 3489 568 3556 Christo,
583 3492 627 3559 qui
645 3509 698 3546 ιιιιιι
713 3493 748 3548 ob
770 3495 943 3564 cupiditatem
957 3495 1074 3552 habendi

276 3562 389 3630 accipit,
407 3561 455 3618 sed
483 3562 518 3617 ob
541 3562 734 3618 lttrrrranitatem
761 3566 923 3635 pauperibus
951 3567 1072 3636 largitur.

276 3632 380 3689 Deinde
397 3633 493 3702 accipit
512 3633 732 3702 Deuspecnnias,
746 3653 798 3690 nou
826 3638 852 3691 in
879 3637 1008 3708 seipsum,
1027 3639 1075 3695 sed

275 3719 325 3773 per
340 3719 472 3774 pauperes
499 3704 526 3758 in
544 3705 681 3774 seipsurn;
701 3721 755 3761 noo
777 3707 908 3776 justitiam
932 3710 1073 3782 vendens,

278 3775 324 3830 sed
349 3775 507 3844 poetriteutia
533 3777 623 3846 lapsus
644 3789 751 3832 nostros
777 3780 932 3834 emendans.
956 3780 1015 3836 Nun
1030 3797 1078 3852 pe·

221 3847 225 3856 '
277 3846 371 3901 cntrias
384 3845 490 3916 accipit,
507 3854 535 3900 ut
551 3848 597 3901 tibi
613 3847 744 3917 justitiam
762 3851 879 3917 vendat,
896 3860 923 3906 et
937 3853 1018 3907 alium
1035 3857 1076 3912 in·

274 3917 348 3987 juste
361 3919 533 3976 conderunet:
548 3920 596 3972 sed
612 3928 641 3973 ut
655 3931 679 3973 te
693 3921 858 3976 damnationi
870 3924 1016 3978 ‹rtrooxium
1029 3945 1077 3994 per

277 3987 378 4042 donum
390 3989 483 4045 litaret
495 4031 502 4053 ‚
516 3999 545 4043 ιιι
559 3989 665 4044 ‹lirelrat
686 3990 779 4047 Daniel
798 4011 805 4047 ε
822 3992 931 4048 Peccata
951 4006 995 4050 tao
1009 3998 1074 4054 etae-

277 4060 390 4130 moaqnia
402 4059 511 4125 radiare,
526 4071 550 4114 et
566 4061 709 4130 iniquitates
721 4072 778 4117 tuas
795 4065 997 4123 miserationibus
1009 4087 1076 4140 paa-

277 4147 367 4202 peraut
381 4128 462 4200 (Dea.
479 4132 507 4187 l.
526 4132 583 4201 at).
605 4131 678 4188 Οιιει·
693 4135 820 4202 pecunias
839 4151 887 4200 pro
905 4141 1015 4206 attima;
1035 4157 1077 4196 re·

277 4203 398 4272 deurptio
412 4218 528 4272 namque
542 4203 592 4258 viri
605 4214 667 4257 sum
686 4206 803 4276 propriae
814 4207 922 4262 attritio.
941 4209 1002 4266 llaec
1015 4213 1077 4269 dico

277 4289 328 4344 pro
341 4274 469 4342 dignitate
484 4277 573 4344 magui
587 4274 689 4330 luiticis
702 4287 728 4330 et
744 4277 860 4343 bomini,
875 4295 953 4346 quem
965 4284 1078 4355 suscipit

277 4353 351 4400 totus
361 4345 445 4411 orbis,
459 4361 512 4412 quo
527 4361 597 4400 ιιιιιιε
609 4346 735 4416 eliguntur
749 4348 878 4416 Ecclesia,
892 4367 946 4420 aquo
957 4353 1078 4422 priratur

278 4417 335 4470 sola
353 4432 365 4467 s
387 4431 488 4486 nagoga
505 4435 512 4470 r
527 4417 655 4486 dissipata
670 4433 786 4489 natuque
801 4431 852 4475 cst.
876 4423 956 4479 lnanc
977 4441 1077 4482 ιιοιιιειι

278 4494 320 4542 εει
332 4503 339 4540 :
350 4431 401 4540 aiio
419 4488 518 4555 quippe
531 4489 651 4542 cortoisio
660 4500 701 4544 εει
717 4507 724 4543 :
738 4491 889 4546 conciditur
900 4497 971 4549 ειιιιιι
987 4497 1022 4550 ob
1034 4497 1076 4552 in-

278 4556 476 4612 credulitatem.
488 4558 678 4614 Craticisiouem
697 4571 776 4616 rrrcat
799 4579 961 4635 synagogam
978 4567 1078 4626 l‘aulus

278 4627 381 4692 diceus,
401 4626 488 4683 Videte
498 4632 666 4685 cenationem
681 4631 809 4703 (Philipp.
822 4635 849 4690 5.
860 4635 901 4706 2).
913 4637 967 4691 Nos
978 4640 1078 4708 quippe

278 4713 372 4754 suerrus
384 4700 563 4756 circumcisio.
586 4702 650 4758 ldeo
668 4704 714 4773 qui
738 4705 909 4763 servatorem
929 4709 1077 4766 daemonia·

277 4785 339 4826 cum
358 4781 503 4836 uocarunt,
527 4773 721 4829 exscindantur
739 4791 755 4832 a
779 4778 884 4845 gloria3
906 4781 950 4849 qui
974 4780 1076 4851 Regem

277 4841 395 4897 corriessi
409 4853 481 4908 suut,
495 4845 578 4913 gloria
592 4855 654 4898 surtt
664 4847 770 4916 repleti.
786 4847 900 4918 Unaque
912 4852 993 4906 allato
1004 4863 1079 4909 vete·

278 4914 316 4968 ris
327 4913 446 4969 historiar
457 4917 620 4984 spectaculo,
633 4913 714 4972 tirreni
722 4918 828 4975 dicendi
849 4921 954 4980 laciam.
966 4923 1076 4980 Gedeou

278 4985 387 5053 quidam
416 4985 485 5040 olitu
505 4987 548 5041 rir
570 4987 677 5056 iustus,
700 4989 900 5059 Scripturarum
922 4995 1078 5051 testimonio

277 5056 439 5122 celebratus,
458 5072 538 5127 qneut
559 5057 657 5113 Paulus
668 5058 760 5129 (liebr.
776 5062 819 5116 ll.
835 5061 881 5136 δι)
897 5063 923 5118 iu
942 5066 1077 5130 lustrorum

277 5127 374 5182 ordine
389 5131 535 5195 recensuit,
551 5128 664 5200 loquens
682 5130 716 5186 de
734 5131 871 5199 Gedeoue,
894 5135 1026 5193 Samsoue
1049 5145 1078 5194 et

278 5197 396 5267 Jepbtlte
412 5216 419 5254 :
437 5199 480 5254 bic
497 5200 570 5254 οιιιιιι
596 5202 699 5269 justitia
720 5205 901 5273 conspicuus,
923 5209 969 5278 qui
995 5209 1076 5264 vitam

277 5285 353 5324 suam
367 5269 511 5325 virtutibus
523 5271 669 5333 decorarit,
686 5273 748 5330 belli
760 5287 787 5331 et
800 5278 930 5346 augustiae
944 5287 1076 5349 tempore,

277 5340 367 5410 spicas
381 5340 505 5396 alicunde
517 5354 642 5412 acceptas
657 5344 683 5398 in
700 5347 826 5402 torculari
839 5350 992 5416 trituravit,
1006 5361 1036 5405 ut
1049 5351 1077 5407 in

277 5411 459 5480 trecessitate,
474 5412 593 5468 alimenti
607 5416 731 5470 solatium
751 5418 801 5472 sibi
824 5428 940 5487 pararet.
959 5423 1077 5491 Angelos

277 5491 369 5536 autem
388 5482 498 5541 adstans
514 5483 602 5540 dixit:
625 5487 785 5544 Cartha-tare
803 5501 831 5544 et
849 5503 908 5545 esto
929 5491 1076 5563 robustus,

1015 294 1150 355 SPUth.

267 421 293 480 ei
306 434 414 493 semper
433 425 545 482 amicus.
564 427 644 501 Saepe
663 442 789 499 namque,
811 426 924 492 iratres,
947 420 1063 491 dignitas
1082 430 1085 439 ·

1864 302 1916 361 65²3

1120 428 1177 473 mes
1197 416 1328 487 justitiam
1355 416 1488 483 hebetat:
1516 421 1564 477 sed
1588 420 1714 478 virtutem
1738 423 1915 482 exercitatam

1118 488 1445 559 oplcmlidiorem'rcddit.
1469 492 1593 549 Dantiaut
1612 505 1704 557 terant,
1719 511 1771 565 pne
1788 496 1845 553 tibi.
1862 498 1917 553 lic·

1119 560 1233 628 spondet
1254 560 1387 619 Gedeou:
1405 564 1436 619 Si
1445 563 1573 620 Dominus
1586 568 1613 621 ia
1627 566 1699 625 notis
1712 576 1765 633 eat,
1781 569 1850 623 erade
1871 584 1918 623 aas

1120 630 1175 685 baa
1188 632 1255 686 atala
1268 634 1414 689 iriaareraat
1427 635 1503 705 (lud.
1519 638 1545 693 o.
1557 639 1603 699 ιιι
1613 638 1625 693 ι
1637 637 1695 695 Νοιι
1712 640 1766 693 Deo
1777 639 1917 697 cotttradi-

1118 715 1202 769 cens,
1219 704 1266 759 sed
1285 706 1339 760 Deo
1353 718 1383 761 se
1398 706 1535 778 indignum
1556 718 1669 779 putans,
1689 710 1726 765 ita
1746 709 1872 781 loquitur.
1889 711 1919 765 Si

1120 772 1187 837 Deo,
1203 775 1299 844 inquit,
1310 776 1384 863 digni
1399 792 1531 845 essemus,
1542 796 1597 835 nun
1612 796 1662 836 nos
1675 780 1732 837 bace
1745 780 1916 838 invasissent.

1120 844 1199 914 Saepe
1217 846 1359 915 increduli,
1375 849 1418 918 qui
1435 865 1465 907 se
1486 851 1594 921 quidem
1615 850 1726 907 crerlere
1742 852 1917 921 profitentur,

1119 917 1167 972 sed
1179 917 1269 973 atttimo
1281 932 1439 991 repugnant,
1449 922 1540 976 dicunt
1552 941 1559 978 ε
1572 922 1619 979 Ubi
1628 931 1669 979 est
1678 924 1921 979 DcnsClrristiauu-

1120 1004 1180 1043 rum
1193 988 1205 1042 ι
1220 1004 1269 1046 cur
1282 1008 1334 1045 nuu
1352 992 1425 1045 audit
1439 993 1607 1049 ntonacltosl
1620 994 1754 1049 undenam
1768 995 1834 1051 bella
1846 996 1858 1049 i
1869 1012 1920 1049 uu-

1120 1058 1154 1113 de
1169 1062 1407 1128 perturbationes?
1425 1062 1473 1119 llic
1486 1080 1538 1120 uon
1552 1066 1589 1121 ita
1601 1066 1728 1134 loquutus
1738 1076 1780 1121 εει
1794 1084 1801 1131 ;
1815 1066 1875 1133 εει,
1891 1066 1919 1121 Si

1121 1129 1251 1187 Dominus
1263 1144 1336 1189 esset
1348 1135 1374 1188 in
1388 1136 1483 1199 euobis,
1500 1136 1571 1191 unde
1586 1152 1635 1193 uus
1649 1136 1708 1193 baec
1719 1138 1788 1193 mala
1804 1138 1920 1193 inuasis-

1121 1204 1202 1255 seut?
1216 1204 1271 1257 Nou
1287 1218 1329 1259 est
1343 1206 1423 1276 igitur
1443 1207 1468 1259 iu
1489 1208 1565 1263 uobis
1577 1224 1585 1263 ε
1597 1223 1650 1263 non
1669 1208 1741 1263 enim
1762 1224 1855 1265 saurus
1873 1209 1921 1263 illo

1121 1270 1205 1342 digni.
1220 1276 1335 1345 Repouit
1346 1276 1496 1347 (angeluslr
1511 1280 1638 1336 Dominus
1649 1288 1754 1345 ιεειιιιις
1769 1282 1795 1336 ιιι
1810 1294 1920 1335 ιιιιιιιιιιιι

1122 1354 1195 1400 tuam
1216 1348 1294 1411 Deus,
1305 1348 1443 1403 victoriam
1461 1351 1604 1419 deposuit:
1620 1350 1663 1406 exi
1684 1352 1717 1405 ad
1739 1352 1850 1407 bellum.
1866 1351 1921 1406 lle·

1121 1417 1237 1483 spondet
1251 1417 1360 1474 Gedeou
1380 1437 1387 1473 :
1411 1420 1439 1474 ln
1455 1422 1505 1475 boc
1519 1436 1678 1492 cognoscam
1701 1423 1771 1493 qaod
1790 1424 1921 1478 Dorulaus

1122 1488 1157 1547 sit
1168 1504 1291 1557 meeuut,
1307 1490 1329 1544 si
1342 1490 1387 1545 det
1399 1491 1464 1546 mihi
1477 1493 1581 1563 sigrium
1595 1510 1699 1549 verum.
1715 1494 1796 1560 Ecce,
1815 1494 1920 1561 inquit,

1122 1574 1194 1629 pono
1210 1561 1384 1623 relluslauae.
1396 1563 1456 1618 etsi
1473 1564 1570 1633 pluerit
1584 1566 1653 1620 Deras
1665 1566 1809 1637 superbae
1822 1566 1920 1630 vellus,

1121 1640 1149 1685 et
1166 1646 1247 1702 super
1260 1641 1342 1687 totatu
1358 1644 1456 1689 terram
1478 1652 1532 1689 nou
1550 1637 1663 1705 pluerit,
1680 1638 1740 1692 ttori
1760 1636 1830 1706 qnod
1850 1638 1921 1691 bens

1122 1704 1158 1757 sit
1179 1718 1295 1759 mecum.
1311 1704 1379 1760 l'ide
1393 1706 1509 1774 signant,
1525 1716 1552 1761 et
1568 1709 1724 1777 petitionem
1742 1706 1852 1764 inauditi
1867 1705 1920 1761 do-

1123 1774 1149 1827 ni
1166 1792 1172 1827 :
1188 1777 1276 1843 posuit
1290 1776 1386 1831 uellus.
1402 1775 1472 1833 Deus
1484 1787 1575 1840 nortu,
1590 1778 1680 1833 divino
1690 1778 1767 1847 J'ussu
1778 1788 1805 1834 et
1815 1778 1921 1833 ratione

1123 1860 1183 1915 quae
1202 1846 1394 1917 comprehendi
1412 1850 1511 1917 nequit,
1527 1850 1646 1905 iouuittit
1658 1851 1770 1906 imbrem
1786 1852 1812 1907 iu
1832 1848 1921 1905 sotum
1938 1915 1941 1923 Ι

1123 1918 1220 1983 uellus,
1236 1930 1262 1975 et
1278 1928 1332 1974 tota
1346 1927 1416 1975 terra
1431 1928 1490 1975 erat
1503 1921 1588 1976 arida.
1607 1921 1640 1976 Et
1652 1922 1803 1992 accipiens,
1817 1922 1920 1991 iuquh,

1123 1987 1253 2057 Gedeou,
1274 2006 1351 2045 mane
1366 1992 1484 2048 diluculo
1497 1992 1582 2047 vellus
1603 1998 1754 2062 expressit,
1770 2003 1796 2048 et
1813 1992 1921 2067 iuuenta

1123 2070 1165 2115 est
1182 2061 1286 2117 concha
1300 2077 1367 2132 aqna
1387 2064 1474 2131 plena.
1490 2062 1646 2134 Rursusque
1664 2063 1773 2119 Gedeou
1792 2082 1799 2120 :
1819 2064 1847 2119 lu
1870 2066 1922 2119 hoe

1123 2146 1283 2203 cognoscam
1304 2134 1376 2203 ‹prrod
1395 2135 1522 2189 Dominus
1540 2150 1645 2191 raecum
1665 2136 1711 2201 ειι,
1732 2137 1754 2191 si
1773 2134 1868 2191 iecerit.
1882 2135 1921 2189 si-

1123 2218 1205 2274 gnum
1216 2204 1287 2273 qnod
1299 2206 1370 2261 uolo.
1389 2206 1445 2261 lloc
1457 2208 1542 2263 uellus
1553 2221 1623 2276 pono
1636 2224 1644 2263 a
1658 2210 1720 2263 etsi
1733 2208 1759 2265 in
1772 2216 1854 2263 totaut
1865 2216 1921 2263 ter·

1123 2290 1182 2331 ram
1202 2276 1288 2345 plrrvia
1304 2278 1429 2344 uenerit,
1447 2278 1472 2331 in
1491 2276 1541 2334 ltoc
1556 2278 1641 2334 vellus
1660 2293 1713 2334 nou
1728 2279 1843 2346 uenerit,
1859 2291 1923 2334 tutte

1123 2361 1284 2415 cognoscam
1306 2348 1377 2419 quod
1400 2349 1529 2405 Dominus
1543 2364 1648 2407 mecum
1673 2350 1718 2405 sit.
1743 2350 1800 2407 llon
1824 2350 1923 2407 sufficit

1124 2418 1172 2473 tibi
1195 2419 1309 2487 primum
1328 2418 1433 2487 signnm
1446 2462 1454 2483 ,
1468 2420 1515 2476 sed
1533 2421 1599 2489 petis
1623 2421 1796 2477 secuudum?
1812 2438 1865 2477 riou
1881 2422 1922 2478 le·
1959 2460 1961 2465 -

1123 2490 1185 2555 gisti
1200 2489 1283 2555 illud,
1301 2489 1362 2545 Noa
1377 2490 1484 2547 tentatis
1500 2490 1638 2547 Dominam
1651 2491 1732 2548 Deam
1746 2503 1818 2548 tanat
1832 2493 1920 2566 (Dent.

1124 2560 1152 2615 o.
1168 2560 1237 2625 tot?
1252 2561 1310 2617 Nan
1321 2562 1374 2617 duo
1386 2563 1451 2634 petil
1463 2564 1553 2634 signa,
1565 2564 1650 2634 iuquit
1663 2564 1723 2629 ille,
1740 2580 1822 2621 uorum
1837 2566 1901 2635 petii
1914 2584 1921 2619 :

1125 2632 1179 2688 duo
1201 2632 1247 2688 illa
1262 2648 1343 2688 utrum
1366 2637 1474 2703 signam
1493 2644 1565 2689 sunt.
1590 2635 1652 2691 ldeu
1674 2636 1758 2702 dixit,
1775 2635 1804 2693 Si
1818 2636 1925 2693 dederit

1125 2702 1190 2759 mihi
1213 2703 1343 2759 Dominus
1361 2705 1465 2775 siguum
1488 2721 1599 2772 verum,
1619 2721 1669 2777 pro
1685 2706 1782 2764 littura
1802 2710 1925 2765 veritatis

1125 2775 1294 2845 probatione.
1312 2776 1413 2831 Deinde
1425 2776 1545 2834 secundo
1556 2778 1645 2848 posuit
1658 2778 1744 2835 vellus
1758 2797 1765 2834 :
1781 2788 1810 2836 et
1823 2778 1926 2837 decidit

1126 2846 1213 2901 imber
1227 2862 1274 2917 per
1293 2855 1375 2903 totam
1390 2856 1508 2913 terram,
1529 2849 1681 2918 mansitque
1702 2850 1921 2909 siccum'vellus.

1125 2917 1191 2974 Post
1207 2918 1258 2973 hoc
1267 2920 1493 2987 experimentum,
1505 2918 1604 2976 bellum
1617 2922 1745 2977 audacter
1754 2924 1925 2995 aggreditur,

1126 2999 1153 3044 ει
1168 2989 1290 3045 inimicos
1300 2990 1426 3046 debellat.
1442 2991 1542 3047 Pittviae
1556 2992 1669 3062 enigma
1685 2995 1775 3062 paucis
1789 2996 1928 3065 explican-

1126 3060 1190 3115 dum
1215 3074 1265 3116 cst.
1287 3060 1445 3118 {lucretius
1468 3064 1583 3132 primum
1598 3074 1625 3119 et
1645 3065 1793 3121 sectandum
1820 3066 1927 3121 llumiui

1127 3130 1271 3188 adrentum
1287 3133 1418 3202 significat
1434 3135 1580 3199 :nutritiam
1595 3134 1700 3207 primus
1713 3137 1797 3192 solam
1816 3136 1929 3193 leroso-

1127 3204 1225 3275 lymam
1240 3205 1454 3275 comprehendit,
1471 3208 1556 3276 ipsunt
1570 3223 1635 3263 reto
1647 3209 1774 3265 uttiversa
1785 3217 1856 3266 turra
1872 3225 1926 3264 non

1127 3277 1241 3346 acecpit.
1257 3275 1332 3332 Sicut
1352 3278 1423 3332 enirn
1440 3277 1527 3334 uellus
1545 3279 1677 3333 universe
1690 3290 1770 3336 terrae
1785 3295 1927 3350 compara·

1128 3356 1183 3400 ιιιιιι
1199 3347 1265 3402 uihil
1279 3359 1336 3402 erat
1350 3364 1357 3408 :
1373 3347 1413 3405 sic
1430 3349 1495 3405 nihil
1510 3359 1568 3405 erat
1583 3350 1749 3424 ierosolyma
1764 3367 1824 3407 ειιιιι
1839 3352 1928 3407 omni·

1127 3417 1177 3472 bus¹
1192 3421 1316 3490 gentiltus
1331 3431 1504 3490 comparata,
1520 3436 1616 3491 resque
1629 3421 1800 3480 uriserabilis.
1814 3424 1876 3480 ldeo
1886 3423 1929 3478 di·

1128 3489 1227 3545 achat:
1244 3489 1305 3545 Noa
1326 3493 1382 3545 aerii
1404 3491 1454 3546 nisi
1474 3492 1509 3546 ad
1530 3509 1587 3549 area
1608 3507 1665 3563 qtae
1686 3495 1815 3566 perierant
1836 3496 1929 3552 dotatas

1128 3559 1213 3614 lsrael
1225 3561 1334 3630 (llattlr.
1350 3563 1395 3618 to.
1410 3561 1469 3635 et).
1481 3562 1514 3618 ad
1528 3579 1608 3618 unam
1624 3565 1710 3622 solum
1725 3578 1844 3637 gement.
1858 3567 1928 3621 duur

1128 3647 1193 3687 vero
1208 3642 1301 3703 postea
1316 3634 1399 3703 gratia
1416 3635 1521 3692 Domini
1534 3649 1676 3708 progressa
1691 3648 1744 3705 est,
1760 3637 1866 3710 quaudo
1880 3654 1928 3710 sy-

1128 3717 1230 3773 nagoga
1245 3715 1271 3759 et
1288 3706 1404 3774 pupulus
1427 3705 1473 3761 illo
1486 3717 1648 3778 negaturus,
1669 3716 1698 3766 et
1709 3707 1834 3765 uuirersa
1856 3719 1928 3764 terra

1128 3787 1272 3846 acceptura
1294 3785 1369 3840 crat,
1390 3779 1527 3846 praecessit
1548 3777 1631 3848 ngura
1654 3779 1681 3835 in
1705 3781 1845 3837 secundo:
1865 3797 1929 3836 rrum

1130 3845 1199 3900 sieut
1223 3847 1287 3901 oliru
1306 3847 1406 3902 uellere
1426 3849 1513 3902 solum
1535 3850 1623 3920 plutda
1646 3849 1748 3919 imbuto
1761 3891 1769 3919 ,
1784 3862 1855 3908 terra
1870 3861 1932 3908 erat

1129 3915 1223 3980 arida,
1240 3928 1267 3972 et
1284 3918 1334 3973 sub
1352 3920 1409 3974 bac
1425 3920 1533 3989 irrigata
1556 3931 1645 3985 terra,
1662 3923 1747 3978 vellus
1762 3924 1861 3979 siccum
1886 3939 1932 3978 re-

1129 3989 1239 4050 mansit;
1252 3989 1291 4042 sic
1310 3989 1356 4044 ille
1372 3990 1437 4045 olim
1459 3993 1572 4061 populus
1589 3997 1692 4062 primus
1710 3995 1837 4061 irrigatus
1855 3997 1929 4065 pianr

1130 4058 1289 4128 religionem
1308 4059 1334 4114 io
1349 4074 1443 4132 gentes
1458 4075 1552 4119 onrucs
1568 4080 1621 4118 ιιιιιι
1634 4063 1748 4120 inludit:
1763 4081 1825 4120 aaut
1838 4081 1932 4122 autera

1129 4141 1223 4200 gentes
1237 4145 1332 4186 οιιιιιεε
1355 4133 1515 4188 ιιειιειιειιιιιι
1539 4145 1720 4205 acceperunt,
1744 4135 1824 4191 lsrael
1841 4139 1932 4194 siccus

1131 4201 1270 4256 remansit.
1288 4201 1386 4258 Verrtm
1410 4219 1444 4258 ιιε
1462 4203 1587 4260 humanis
1601 4207 1747 4262 ratiociniis
1769 4216 1797 4263 et
1816 4209 1932 4277 compli-

1130 4273 1196 4326 catis
1208 4273 1414 4340 cogitationibus
1433 4273 1492 4331 hauc
1510 4278 1658 4345 speculatio
1674 4279 1821 4349 procedere
1836 4281 1930 4333 rirlca-

1131 4351 1190 4406 tur,
1208 4343 1271 4398 ltuic
1286 4347 1460 4414 speculationi
1483 4348 1668 4416 propheticrnu
1691 4350 1791 4406 addere
1805 4351 1931 4404 testinan-

1130 4414 1204 4468 nium
1220 4421 1436 4486 operaepretium
1456 4415 1545 4472 ιιιειιι.
1565 4420 1601 4473 [ιε
1616 4419 1760 4476 Servatore
1774 4419 1932 4492 qrmplretice

1130 4483 1193 4539 dicit
1210 4487 1290 4540 naevio
1305 4505 1312 4540 ε
1329 4486 1408 4556 Deua,
1418 4488 1547 4558 judiciam
1558 4499 1628 4544 taum
1641 4494 1694 4562 regi
1709 4492 1750 4552 da,
1767 4500 1791 4544 et
1800 4489 1931 4560 justitiam

1132 4566 1202 4610 tuam
1216 4557 1270 4626 filio
1284 4560 1350 4630 regis
1362 4575 1371 4613 :
1379 4560 1506 4628 judicabit
1520 4562 1644 4632 populant
1657 4572 1727 4616 taam
1737 4563 1763 4615 iu
1773 4561 1875 4629 joaida
1887 4603 1894 4628 ,
1906 4571 1933 4617 et

1130 4645 1254 4698 pauperes
1265 4639 1322 4684 tttua
1332 4631 1358 4684 in
1368 4631 1468 4702 judicio
1481 4629 1566 4702 (Prot.
1579 4634 1623 4689 ll.
1639 4633 1666 4704 l)
1680 4651 1687 4698 ;
1702 4641 1730 4689 et
1744 4631 1850 4702 paulum
1864 4647 1932 4704 pro-

1129 4714 1239 4769 gressus
1254 4699 1337 4758 dicit:
1354 4705 1419 4757 date
1439 4701 1519 4758 aetem
1543 4715 1673 4773 peroraret
1693 4721 1783 4759 namen
1805 4703 1884 4770 eina,
1907 4717 1933 4760 et

1132 4781 1191 4824 aitte
1220 4771 1307 4825 tranant
1326 4775 1497 4844 gerterationir
1520 4778 1710 4846 generationum
1731 4774 1821 4846 (teta.
1836 4792 1861 4830 a.
1882 4775 1931 4848 5).

1131 4841 1234 4896 Deinde
1247 4841 1390 4898 :adventum
1400 4845 1458 4915 ejus
1469 4847 1706 4916 signiticansdieit,
1719 4847 1858 4903 Descende!
1867 4849 1933 4902 sicut

1131 4911 1218 4981 pluria
1232 4913 1257 4966 iu
1272 4915 1362 4981 actore,
1376 4927 1400 4968 et
1414 4916 1480 4970 sicat
1491 4917 1649 4971 stillicidium
1666 4920 1767 4974 stillans
1785 4934 1863 4993 saper
1882 4934 1933 4976 ter-

1130 4999 1187 5036 rant
1196 4982 1277 5051 (lota.
1285 5000 1308 5038 o.
1317 4985 1358 5052 6);
1368 4996 1395 5041 et
1407 4987 1497 5041 statim
1509 4987 1559 5042 :lit
1568 4989 1739 5044 dornitralitur
1751 5007 1767 5043 a
1778 4993 1843 5047 mari
1855 5007 1933 5064 aaqtte

1130 5054 1165 5106 ad
1173 5071 1252 5117 mare,
1262 5065 1309 5109 eta
1319 5057 1468 5128 dituriailaa
1476 5060 1594 5130 usquead
1602 5062 1797 5118 terruiaorerlria
1807 5074 1933 5120 terrarum

1131 5125 1210 5196 (laid
1223 5143 1246 5180 a.
1263 5126 1308 5198 8).
1326 5126 1432 5186 Utinaut
1454 5131 1534 5201 igitur
1556 5146 1606 5186 tros
1624 5148 1685 5188 cum
1709 5135 1835 5190 uniuersa
1860 5147 1931 5192 terra

1132 5197 1246 5268 irrigati,
1262 5197 1365 5254 tructus
1383 5200 1539 5269 afferamus,
1555 5203 1679 5273 precibus
1692 5212 1721 5260 et
1735 5205 1932 5263 intercessione

1130 5273 1215 5338 patris
1232 5276 1261 5324 et
1280 5270 1400 5328 doctoris
1420 5271 1525 5339 nostri,
1538 5273 1583 5358 qui
1598 5282 1687 5346 potest
1698 5283 1726 5331 et
1739 5288 1860 5332 trostrunr
1872 5295 1931 5334 ser·

1131 5355 1237 5396 monem
1253 5351 1281 5396 et
1301 5353 1422 5400 restrum
1438 5343 1602 5400 desiderium
1617 5345 1760 5418 obsignare
1782 5349 1809 5404 in
1824 5348 1931 5404 Christo

1129 5407 1194 5467 lesu
1208 5411 1323 5468 Domino
1338 5426 1433 5470 inostro
1447 5457 1455 5482 ,
1469 5417 1513 5472 cui
1532 5415 1617 5486 gloria
1638 5427 1666 5473 et
1685 5418 1843 5490 imperium,
1859 5432 1929 5476 auae

1131 5491 1157 5538 et
1171 5497 1289 5555 semper,
1303 5493 1331 5542 et
1344 5486 1371 5542 in
1385 5485 1482 5544 saecula
1496 5487 1670 5546 seculorum.
1683 5491 1779 5546 amem

279 5551 499 5611 nominatarum
516 5566 553 5612 eat
568 5554 643 5627 (tao.
658 5559 685 5615 6.
702 5559 747 5616 tt.
765 5559 822 5632 tt).
836 5559 929 5632 Neque
949 5565 1020 5619 etaim
1035 5563 1076 5622 ia·
1142 5570 1144 5578 ’
