4084 6350
263 396 316 458 195

263 521 347 591 sparti
361 535 416 579 uon
431 519 645 593 indignarentur,
660 517 708 575 sed
723 514 842 573 conteuti
858 519 951 569 esseut
965 508 1059 565 ducto·

263 613 336 672 rtbus
350 632 359 670 t
371 615 407 671 ita
420 629 515 670 omues
529 610 668 669 fervebant
685 624 748 678 erga
763 620 926 663 sermonem.
939 601 990 670 Qui
1005 613 1059 654 nott

263 716 417 780 exspectato
431 706 510 764 lamis
524 714 656 777 tempore,
668 702 766 775 singuli
779 716 828 772 pro
840 697 967 756 facultate
976 694 1058 751 mise·

263 810 335 856 mut.

200 963 203 969 Ι
297 894 325 950 3.
341 893 376 949 lit
389 893 511 961 observa,
526 893 598 965 quod
613 893 683 948 inter
693 889 831 961 apostolos
842 888 902 945 aliis
917 887 968 943 boc
980 898 1058 942 com·

263 984 395 1048 ntittitut·;
421 984 465 1042 ltic
484 1002 550 1041 uero
569 984 666 1041 Panlns
684 991 712 1039 ct
731 982 867 1038 Barnabas
885 980 1056 1048 deputantur.

263 1080 317 1137 Nec
330 1080 389 1135 sine
404 1080 478 1151 grati
498 1094 577 1136 causa
595 1078 621 1134 id
637 1078 773 1149 prouisum
787 1085 847 1131 est:
861 1074 979 1144 alioquin
994 1084 1058 1125 nero

263 1172 367 1227 initium
377 1180 448 1241 erat,
461 1181 578 1242 tunctpte
594 1185 647 1225 tton
659 1168 802 1239 oportebat
815 1164 924 1221 obendi.
940 1164 973 1218 at
988 1174 1059 1216 ttnuo

263 1277 343 1319 numu
360 1261 385 1317 id
404 1264 482 1329 lacit,
497 1262 558 1318 iicet
573 1260 658 1317 iames
675 1260 710 1316 sit
726 1261 770 1315 illa
784 1258 900 1330 gratulor.
915 1254 974 1311 ttnn
985 1252 1057 1307 enim

262 1367 311 1425 par
329 1368 373 1409 res
393 1364 435 1409 est
456 1369 626 1409 cttttttuunem
648 1352 720 1408 lerre
738 1341 935 1409 calamitatem.
951 1354 978 1401 ut
993 1344 1058 1400 dum

262 1458 358 1500 omnes
368 1443 531 1500 abundantia
543 1446 677 1511 lruuntttr,
689 1440 864 1513 pauperiores
874 1448 976 1494 tautum
987 1436 1058 1493 lame

262 1537 487 1596 annaneane
507 1536 592 1594 iatnes
606 1546 685 1601 erat,
700 1544 728 1591 et
746 1534 791 1606 qni
808 1533 907 1589 dabant
926 1543 1058 1602 pauperes

262 1628 328 1701 (Pro
342 1630 463 1702 [ncubare
475 1646 522 1684 rna
539 1630 634 1701 singuli
642 1670 649 1692 ,
665 1628 762 1700 inquit)
777 1646 785 1683 a
799 1642 869 1682 nnnc
880 1642 945 1681 veru
958 1624 1057 1693 duplex

261 1734 302 1780 est
318 1722 414 1791 fames,
430 1725 500 1779 sicut
512 1732 540 1779 et
552 1724 652 1793 duplex
665 1720 828 1795 abnndantia
841 1736 849 1773 a
862 1719 946 1775 lantes
957 1716 1056 1788 gratis,

262 1815 361 1884 lautas,
378 1832 432 1871 nott
449 1815 574 1872 audiendi
592 1818 703 1872 uerbum
725 1814 846 1881 bomini,
862 1812 910 1869 setl
925 1827 973 1883 per
985 1814 1057 1867 elee-

260 1924 401 1981 mosynam
419 1899 508 1964 eibum
528 1906 688 1978 aecipiendi.
710 1906 787 1962 'lunc
808 1914 836 1960 ct
852 1906 897 1976 qui
919 1903 945 1958 itt
964 1901 1056 1959 iudana

261 2016 392 2072 pauperes
403 2010 490 2077 eraut,
501 1990 585 2072 etqui
601 1999 749 2055 Antiochiae
760 1996 887 2069 peccunias
899 1994 1055 2067 erogabant,

260 2091 332 2151 buno
346 2091 501 2149 irttchantur
513 2109 521 2160 ;
535 2101 563 2149 et
577 2092 603 2147 bi
619 2094 706 2163 magis
718 2106 798 2163 quam
812 2089 851 2145 illi
864 2107 871 2143 :
885 2101 953 2143 nunc
965 2098 1056 2143 autent

261 2193 289 2241 et
301 2199 351 2241 nos
364 2195 391 2241 et
402 2200 535 2258 pauperes
549 2186 576 2240 in
590 2183 660 2241 lame
672 2200 679 2237 ε
692 2184 731 2239 illi
743 2182 814 2255 quod
829 2180 982 2238 necessario
995 2179 1057 2235 cibo

260 2287 367 2349 egeattt,
383 2293 433 2335 nos
445 2278 516 2350 quod
531 2276 558 2334 in
571 2279 682 2349 penuria
695 2276 886 2334 misericordia
901 2275 947 2331 hei
962 2275 1055 2329 simus.

262 2368 318 2425 lior
329 2369 390 2426 cibu
403 2369 470 2426 niitil
480 2373 565 2441 magia
576 2370 757 2426 necessarium
768 2369 857 2425 itteris.
869 2368 918 2423 llic
928 2381 982 2423 nun
993 2364 1057 2423 sub-

260 2470 359 2519 euntur
371 2462 456 2530 mala,
472 2478 532 2533 qua
550 2477 582 2519 ea
604 2463 743 2519 saturitate
755 2462 897 2517 oriuntur:
913 2460 991 2529 huius
1003 2458 1055 2515 cibi

260 2568 316 2610 nou
329 2557 356 2609 in
371 2567 508 2609 secessum
518 2554 650 2610 emittitur
661 2568 723 2623 illrs
734 2552 860 2607 maxima.
872 2550 942 2607 Nihil
955 2551 1056 2606 lormo·

260 2646 336 2713 sius,
353 2646 420 2702 nihil
433 2646 526 2701 sattius
539 2645 628 2701 anintn
642 2661 702 2717 quac
715 2645 755 2702 sic
772 2646 871 2712 aiitttr;
885 2643 958 2699 omni
973 2657 1056 2713 snpe-

259 2737 315 2794 rior
327 2748 368 2794 est
380 2737 486 2806 tuorbo,
500 2738 571 2791 omni
585 2734 667 2805 lame,
681 2736 754 2792 omui
768 2735 928 2806 intemperie
940 2742 967 2789 et
978 2733 1057 2805 aegri-

259 2829 350 2886 tudine
366 2846 373 2885 z
387 2844 468 2885 uento
487 2829 560 2884 itiam
588 2843 685 2900 capere
704 2831 822 2899 poterit;
849 2828 896 2883 sed
916 2827 985 2884 sicut
1004 2825 1054 2881 ad·

258 2922 424 2978 amantiuum
436 2936 533 2992 corpus
543 2934 597 2977 nott
607 2921 706 2978 ierrutn
717 2921 908 2985 caederenalet,
919 2935 973 2976 nun
983 2918 1056 2976 alind

257 3014 363 3085 ottidris
376 3034 384 3071 a
397 3017 437 3072 sic
451 3030 501 3072 nuc
516 3016 634 3071 animatu
646 3014 816 3085 eleemosyna
830 3014 962 3070 hrmatam
974 3013 1054 3085 quid-

257 3109 299 3165 ttis
311 3122 409 3180 capere
424 3108 532 3179 poterit.
545 3107 633 3177 Quid,
647 3121 756 3180 quaeso,
773 3106 846 3164 illam
859 3120 957 3179 capere
970 3106 1056 3178 possit

257 3201 403 3279 umquam?
417 3202 580 3274 paupertas?
593 3201 719 3268 llinime;
734 3202 760 3256 itt
774 3202 856 3270 regiis
869 3203 940 3257 enim
955 3216 1055 3272 pertua·

256 3295 304 3353 riis
323 3295 410 3366 posita
425 3303 477 3351 eat.
497 3294 540 3351 dn
560 3292 602 3348 lur
618 3301 647 3349 et
665 3293 755 3349 latrol
771 3293 824 3350 Sed
838 3293 899 3350 iilos
914 3292 1054 3364 perfodere

256 3389 375 3461 parietes
387 3403 469 3445 nemo
483 3389 564 3444 valet.
580 3389 622 3443 An
636 3387 753 3443 rertnisi
767 3386 821 3444 Sed
837 3391 887 3442 hac
900 3388 980 3442 etiam
995 3402 1056 3458 per·

256 3482 327 3538 nicia
341 3480 466 3553 superior
476 3490 519 3536 est
532 3479 578 3535 hic
588 3479 740 3536 tltesaurtts.
752 3479 794 3534 thu
806 3480 886 3535 timnr
897 3486 925 3534 et
937 3478 1055 3534 inuidia?

256 3573 293 3628 Αι
306 3587 360 3628 nott
375 3569 547 3642 his'capitur.
568 3569 757 3643 sycophantia
778 3581 805 3627 et
823 3570 945 3628 insidiati
962 3570 1056 3640 Neque

256 3663 328 3732 ilhe3
342 3666 483 3720 thesaurus
496 3663 594 3735 quippe
604 3673 647 3720 est
660 3663 824 3720 inaccessus.
840 3661 894 3720 Sed
907 3674 984 3734 turpe
996 3663 1054 3718 lue·

257 3756 307 3824 rit,
322 3757 345 3812 si
359 3755 418 3814 nac
431 3756 518 3812 solum
530 3771 589 3828 quas
602 3755 780 3829 eleemosynae
795 3756 886 3812 insunt
898 3755 1053 3824 ostendero,

255 3849 347 3908 ruistis
366 3850 400 3906 iis
417 3865 478 3923 qua
498 3849 634 3910 contraria
651 3850 703 3904 illis
721 3857 795 3905 sunt.
809 3847 868 3904 Nun
884 3847 966 3904 ruodo
981 3849 1052 3904 enim

257 3941 304 3998 illa
320 3943 355 3999 ab
373 3942 447 3998 omni
470 3941 570 3998 inuidia
589 3952 634 3999 est
648 3935 751 4010 libera,
764 3940 812 3998 sed
826 3950 854 3998 et
868 3940 1054 3998 bettedictiune

256 4033 353 4092 irttitttr
372 4033 455 4089 multa
469 4033 504 4090 ab
517 4035 568 4102 iis,
581 4035 628 4107 tpti
649 4034 722 4092 iilam
735 4034 878 4107 accipiunt.
893 4033 1052 4091 sicutenim

257 4127 396 4183 inhumani
409 4136 436 4185 el
450 4126 575 4186 crudeles
589 4143 644 4183 uott
656 4126 738 4183 laesos
749 4126 836 4183 solum
852 4127 951 4183 habeut
965 4125 1054 4184 iuimi-

255 4234 322 4287 cus,
336 4219 383 4277 sed
396 4222 478 4278 etiatu
491 4230 554 4288 eos,
569 4219 615 4290 qni
629 4207 694 4274 nilt'il
712 4218 775 4274 mali
790 4219 861 4288 passi
876 4219 955 4274 lasus
970 4220 1052 4275 mise-

256 4321 361 4378 rantur,
375 4312 590 4383 inhumanusque
603 4321 730 4369 accusant
744 4329 751 4367 ε
764 4311 803 4368 sic
814 4312 859 4382 nui
873 4313 976 4384 maguis
989 4311 1055 4368 alle-

255 4416 320 4464 oere
333 4407 421 4473 bottis,
432 4421 487 4464 nos
501 4419 549 4464 eos
560 4407 605 4478 qui
616 4421 747 4479 accepere
762 4415 876 4475 rantnnt,
887 4407 933 4464 sed
947 4416 975 4464 et
985 4408 1055 4464 alios

257 4496 359 4555 babent
368 4497 531 4555 laudatores.
544 4499 613 4567 Quid
628 4500 662 4556 ab
674 4500 773 4556 invidia
787 4501 885 4558 liberos
900 4502 961 4558 dico
972 4504 999 4558 ¹?
1011 4500 1054 4556 Ab

258 4589 460 4648 insidiatoribus
479 4590 579 4659 etiam,
593 4591 696 4649 iuribus
712 4602 740 4648 et
758 4594 890 4664 parietum
903 4593 1054 4651 cdractmi-

257 4683 309 4740 bus
323 4683 482 4743 liberantur.
496 4684 591 4757 lieqtte'
600 4685 651 4743 hoc
661 4685 749 4742 solum
762 4686 833 4745 inest
842 4687 905 4746 honi
917 4704 925 4755 ;
938 4688 986 4745 sed
999 4703 1054 4745 nou

257 4779 339 4836 modu
352 4794 406 4836 non
420 4779 548 4834 ntinttitttr
560 4778 708 4835 substantia
719 4793 836 4845 ,aterum
848 4781 929 4836 etiam
941 4791 1055 4852 augetur

257 4881 286 4930 et
301 4874 408 4929 crescit.
421 4871 491 4941 Quid
505 4871 769 4929 Nabucholnnosure
786 4872 910 4945 tttrpiusi
929 4873 991 4944 quid
1005 4874 1056 4932 les·

255 4965 339 5022 dinei
351 4965 415 5036 quid
435 4959 570 5035 initptltt‘sl
586 4965 687 5036 impius
700 4973 758 5021 erat
773 4963 853 5021 ltontu
869 4982 876 5020 r
894 4965 966 5021 mille
983 4965 1054 5022 indi·

257 5060 316 5127 cia,
333 5058 407 5115 tuille
420 5056 496 5131 signa
512 5058 597 5126 tidtt,
612 5067 642 5114 et
659 5057 818 5130 resipiscere
832 5059 933 5124 noluit;
947 5059 993 5115 sed
1007 5059 1055 5116 liei

258 5166 352 5208 serr-os
366 5153 392 5208 in
406 5150 542 5208 cautinum
553 5151 654 5220 injecit,
666 5151 771 5208 etiamsi
787 5160 879 5221 postea
893 5149 1054 5207 adoraverit.

256 5246 326 5316 Quid
344 5246 425 5320 igitur
443 5243 592 5318 prophetat
610 5243 686 5313 lisa,
704 5241 839 5300 cundbato
855 5259 939 5299 meant
958 5243 1057 5313 placent

258 5341 302 5396 tibi
315 5357 327 5395 .·
339 5351 443 5414 pacem
457 5351 502 5398 tttn
514 5339 679 5412 eleemosynis
688 5339 792 5405 redime,
804 5348 828 5394 et
841 5338 986 5409 iniquitates
999 5346 1056 5392 tttnt

258 5434 461 5491 mutuarint
481 5431 724 5508 properantium
742 5433 789 5488 erit
807 5433 879 5488 uenio
897 5431 995 5486 delictis
1008 5431 1057 5486 tntis

259 5525 340 5600 (bna.
356 5527 384 5585 l.
398 5527 457 5601 id).
473 5527 536 5585 llac
549 5528 586 5583 ita
597 5527 665 5583 ditit
679 5540 733 5581 nou
746 5525 871 5582 dubitans
884 5523 974 5597 (ratde
984 5522 1056 5580 enim

259 5619 309 5678 sibi
324 5633 482 5694 persuasum
493 5620 576 5693 erat),
589 5619 637 5677 sed
650 5628 678 5675 ut
692 5617 768 5674 illum
784 5617 810 5673 in
822 5617 950 5689 majorem
964 5614 1056 5686 injice-

261 5724 304 5771 ret
316 5715 440 5772 timorem
450 5756 458 5781 ,
470 5723 498 5770 et
510 5713 639 5784 majorem
654 5713 713 5770 haec
729 5711 842 5768 laciendi
857 5710 1056 5770 ttecessitatem.

293 5855 303 5889 ¹
319 5853 389 5908 ntus
399 5854 461 5912 itae,
471 5849 531 5914 quid
541 5850 571 5903 ab
582 5851 675 5904 mnata
687 5852 776 5906 liberos
783 5853 853 5915 dico,
865 5851 955 5904 uuthlt.

600 395 630 454 s.
648 390 788 453 tostutts
805 355 1222 450 custsostotttattctttttr.
1241 383 1507 451 cousrauuuou.
1579 374 1587 399 ·

1858 388 1910 449 lib

1116 503 1217 560 damst
1231 503 1389 561 aiiirmaudo
1406 504 1538 571 dixisset,
1553 504 1729 576 negligentior
1743 506 1788 562 ille
1802 505 1909 564 luisset.

1112 594 1196 671 Sidet
1208 612 1257 653 nos
1270 606 1333 653 tuuc
1346 598 1462 653 maxime
1474 597 1604 669 quosdam
1618 614 1756 670 urgemus,
1768 617 1829 657 eum
1843 600 1906 660 dici·

1112 705 1171 745 tuus
1183 709 1190 747 :
1203 690 1317 749 llnrtare
1331 689 1407 748 illum
1420 690 1519 758 talem;
1533 706 1583 748 nec
1594 690 1730 763 additurus,
1744 695 1821 751 illum
1833 697 1908 755 audi·

1112 794 1199 841 turum
1211 800 1321 854 prorsus
1330 801 1402 854 esse,
1416 786 1476 855 sed,
1488 785 1603 847 fortasse
1615 789 1769 847 auditurum
1782 810 1789 847 :
1801 808 1863 849 natu
1874 810 1909 851 ex

1110 876 1278 935 dubitatione
1296 878 1383 947 mapr
1399 888 1475 935 ortus
1492 878 1589 946 timor,
1605 881 1690 953 magis
1705 883 1828 953 impellit.
1845 884 1910 943 ideo

1111 967 1138 1023 id
1154 968 1190 1024 iili
1205 984 1257 1025 nott
1272 970 1443 1027 manifestum
1457 970 1529 1030 iecit.
1545 973 1613 1042 Quid
1627 974 1694 1031 dieis
1705 976 1717 1029 i
1730 978 1846 1034 tatttisne
1857 977 1910 1033 itu·

1110 1061 1256 1132 pietatibus
1269 1064 1321 1119 erit
1336 1064 1435 1121 vettial
1449 1065 1546 1121 Etiam.
1618 1096 1629 1109 ι

1148 1154 1231 1213 Omns
1242 1168 1373 1230 percnum
1390 1169 1427 1215 ert
1445 1160 1604 1234 eleemorpnu
1617 1163 1733 1237 inferias.
1746 1198 1782 1209 -
1794 1166 1852 1223 Nun
1865 1178 1909 1225 est

1111 1261 1270 1322 peceatum,
1286 1254 1357 1325 quud
1380 1269 1432 1310 non
1455 1257 1539 1327 possit
1559 1257 1729 1333 eleemosyna
1752 1274 1865 1333 purgare
1878 1274 1909 1319 et

1111 1347 1281 1418 exstinguere
1301 1363 1309 1403 a
1329 1362 1409 1407 omne
1433 1362 1570 1420 peccatum
1592 1363 1634 1411 est
1656 1352 1700 1411 illa
1724 1354 1907 1415 inleriusaad

1111 1454 1191 1495 omne
1204 1440 1300 1495 vulnus
1318 1451 1409 1513 aptum
1424 1440 1598 1515 pharmacum
1612 1455 1664 1503 est.
1679 1447 1748 1517 Quid
1765 1450 1908 1519 publicano

1110 1528 1248 1586 deterius?
1258 1530 1320 1587 llaec
1330 1535 1418 1591 omnis
1429 1534 1576 1607 ittipuitatts
1589 1539 1695 1595 occasio
1705 1548 1747 1595 est
1758 1557 1765 1595 ι
1777 1540 1825 1597 sed
1838 1545 1908 1599 itanc

1111 1634 1195 1679 totum
1208 1623 1292 1680 abluit
1306 1625 1460 1684 snut-trane.
1476 1628 1552 1693 llide,
1567 1624 1702 1701 utromodo
1718 1632 1768 1688 hoc
1782 1633 1908 1691 ostendat

1110 1716 1244 1784 Christus,
1258 1734 1319 1775 cnm
1333 1721 1436 1776 curarit
1450 1722 1614 1795 marsupium
1630 1723 1741 1793 hahere,
1755 1734 1784 1782 et
1797 1737 1907 1795 portare

1110 1826 1141 1865 ea
1156 1827 1216 1881 quae
1228 1812 1451 1869 immittebantur.
1467 1814 1565 1873 Panlns
1576 1832 1682 1889 tptnque
1694 1817 1759 1875 dicit
1774 1835 1782 1873 ε
1794 1815 1907 1875 Tantum

1110 1912 1137 1957 nt
1150 1920 1290 1975 pauperata
1304 1922 1428 1964 mentorsa
1441 1907 1521 1964 airuns
1534 1906 1606 1976 (Gai.
1620 1908 1648 1965 2.
1660 1908 1711 1982 lo)
1724 1927 1732 1976 ;
1746 1920 1774 1967 et
1793 1910 1819 1965 lu
1834 1910 1908 1969 Scri·

1110 1990 1194 2067 pluris
1210 2001 1308 2069 passim
1323 2000 1419 2059 ltaode
1437 2017 1467 2059 re
1486 2003 1581 2073 agitur.
1599 2002 1712 2059 Pretium
1731 2005 1824 2061 unintoe
1837 2004 1906 2073 rits',

1109 2092 1211 2164 inquit,
1224 2094 1320 2151 diuitiae
1332 2097 1443 2169 propriu
1457 2095 1548 2167 (Prot.
1564 2098 1607 2154 ts.
1625 2098 1653 2171 8)
1667 2116 1675 2163 ς
1689 2097 1812 2156 Christus
1824 2114 1905 2167 vero,

1110 2186 1141 2241 St'
1153 2188 1189 2243 uir
1202 2192 1328 2262 perfectus
1339 2205 1402 2257 etse,
1415 2191 1494 2245 uettds
1503 2192 1588 2246 omniu
1598 2208 1655 2262 qttoe
1664 2193 1750 2258 haber,
1761 2203 1785 2249 et
1796 2193 1829 2247 du
1839 2210 1907 2263 part·

1110 2282 1221 2350 peribas,
1235 2290 1258 2336 et
1271 2282 1337 2348 ueni,
1350 2298 1453 2353 sepum
1462 2300 1502 2339 rue
1512 2284 1619 2357 (aaran.
1635 2284 1679 2343 te.
1693 2286 1752 2358 st).
1765 2286 1828 2344 ttae
1841 2302 1906 2344 uera

1110 2374 1239 2443 perteetto
1252 2383 1303 2432 est.
1320 2374 1497 2450 Eleemosyna
1513 2393 1577 2435 reru
1594 2394 1647 2435 nott
1668 2380 1789 2449 pecuniis
1803 2381 1904 2451 motio,

1108 2466 1157 2523 sud
1170 2466 1250 2523 etiam
1263 2468 1390 2539 operibus
1404 2478 1555 2527 exercetur.
1568 2470 1690 2543 lirentpli
1703 2487 1796 2539 eausa,
1810 2487 1905 2544 pussu·

1109 2575 1169 2617 tuus
1183 2562 1361 2631 patrocinari,
1378 2576 1519 2633 possumus
1534 2578 1641 2621 manunt
1658 2565 1818 2638 porrigere:
1832 2580 1905 2639 saepe

1110 2653 1284 2724 patrocinium
1301 2654 1360 2725 plus
1374 2657 1502 2727 serravit,
1516 2670 1595 2729 qnam
1611 2660 1742 2731 pecuniae.

1143 2747 1171 2803 l.
1193 2746 1368 2821 Eieetttutgnrs
1380 2750 1450 2804 modi
1461 2751 1534 2805 uarii.
1542 2752 1642 2824 -hge
1654 2767 1719 2823 ergo
1734 2752 1760 2809 in
1771 2754 1901 2826 prasenti

1109 2830 1198 2895 omnia
1217 2842 1397 2914 eleemosynae
1410 2857 1508 2914 genera
1524 2844 1683 2901 excitemus.
1698 2845 1779 2903 Pntes
1795 2862 1844 2917 per
1857 2862 1903 2917 pe·

1109 2932 1224 2990 cuniusl
1243 2933 1283 2990 lle
1302 2934 1391 3005 segnis
1404 2944 1473 2991 estu.
1493 2935 1573 2994 Potes
1591 2952 1639 3009 per
1654 2936 1904 3009 patrociniumliir

1108 3025 1193 3093 dicas,
1207 3027 1268 3095 quia
1280 3028 1401 3098 pecunias
1416 3044 1469 3083 non
1482 3028 1590 3097 adsunt3
1601 3030 1655 3087 ltoc
1669 3029 1736 3087 nihil
1751 3040 1803 3089 ost.
1819 3031 1903 3090 tatae

1109 3134 1234 3193 magnum
1247 3120 1299 3178 hnc
1315 3136 1421 3194 qnorpte
1440 3132 1500 3181 est:
1515 3138 1546 3180 ac
1565 3124 1587 3180 si
1604 3126 1742 3200 pecuniam
1761 3126 1902 3196 dedisses,
1951 3146 1955 3155 ·

1108 3205 1149 3271 'sic
1162 3213 1273 3270 allectus
1287 3225 1355 3272 esto.
1376 3215 1456 3272 Potes
1471 3218 1647 3275 ministrando
1660 3218 1774 3289 lutarel
1789 3220 1846 3277 lluc
1865 3220 1903 3277 la·

1108 3308 1173 3366 cito.
1188 3308 1310 3380 Exempli
1321 3311 1416 3381 gratia,
1426 3319 1483 3368 arte
1496 3311 1615 3368 medicus
1625 3313 1675 3368 esl
1687 3312 1902 3384 lttilrmos'cura3

1108 3411 1132 3458 et
1148 3401 1200 3458 hot·
1214 3417 1338 3474 ntagnutn
1352 3413 1403 3458 est.
1426 3404 1506 3462 Potes
1519 3405 1633 3462 consilio
1643 3404 1762 3476 juraret
1776 3405 1834 3463 lluc
1845 3421 1903 3462 nnt-

1108 3495 1183 3552 nium
1196 3497 1327 3567 optintttnt
1342 3505 1385 3554 est
1403 3508 1431 3555 et
1453 3499 1620 3568 matimum,
1636 3495 1776 3573 majusque
1798 3502 1902 3558 lucrum

1109 3587 1213 3645 hahet:
1232 3591 1369 3646 nonenim
1384 3591 1487 3647 hactia
1506 3591 1628 3662 intuetu,
1650 3593 1698 3651 sed
1717 3589 1901 3665 grauissimam

1108 3691 1222 3738 muttum
1234 3682 1321 3753 pellis.
1331 3682 1388 3739 lluc
1396 3683 1512 3754 apostoli
1524 3685 1595 3742 hotto
1606 3687 1677 3757 pleni
1687 3703 1797 3758 prorsus
1806 3697 1901 3746 eraut:

1108 3777 1169 3835 ideo
1178 3779 1351 3850 pecuniarum
1364 3778 1580 3838 distributionem
1593 3780 1764 3840 inferioribus
1776 3783 1902 3840 commit·

1108 3871 1221 3936 tebntts,
1237 3870 1300 3927 dum
1323 3886 1450 3929 sermone
1470 3871 1610 3944 jurabant.
1627 3875 1669 3931 An
1692 3884 1771 3946 putas
1793 3889 1902 3948 parram

1108 3977 1169 4019 esse
1181 3965 1390 4036 eleemosynam,
1402 3965 1518 4029 animam
1529 3967 1652 4035 anxiant,
1666 3967 1701 4024 dc
1714 3969 1843 4026 extremis
1857 3983 1903 4041 pe·

1107 4057 1284 4126 riclitantem,
1302 4058 1385 4115 labris
1402 4059 1498 4116 ardore
1512 4059 1668 4129 dctetttam,
1683 4076 1699 4116 a
1714 4063 1810 4119 morbo
1823 4077 1902 4131 posse

1107 4151 1244 4208 liberare?
1257 4150 1337 4208 Verbi
1352 4153 1448 4222 gratia,
1463 4152 1539 4209 rides
1552 4154 1667 4221 amicum
1682 4156 1794 4211 araritta
1807 4155 1903 4212 deten-

1108 4245 1185 4301 tnmi
1199 4244 1325 4301 lliserare
1340 4243 1488 4301 hominem.
1509 4246 1661 4302 Suliocatur
1675 4246 1719 4305 ille
1729 4247 1743 4302 l
1755 4247 1903 4319 Exstingue
1982 4321 1985 4328 ⁴

1107 4339 1179 4395 illius
1194 4339 1292 4411 iguem.
1307 4339 1376 4408 Quid
1388 4339 1468 4412 igitur
1477 4339 1500 4394 si
1512 4354 1564 4396 uon
1578 4339 1819 4411 obtemperetll'n
1832 4341 1903 4413 qnod

1108 4441 1182 4489 tuum
1197 4441 1239 4489 est
1254 4430 1352 4501 incito,
1369 4446 1419 4489 nec
1433 4432 1544 4503 ignarus
1562 4433 1609 4490 sis.
1625 4431 1708 4490 vides
1721 4449 1782 4491 eum
1800 4435 1827 4489 iu
1841 4434 1902 4491 ritt-

1106 4525 1175 4582 culis
1188 4525 1322 4582 detinerii
1337 4525 1419 4596 (nam
1432 4525 1553 4596 pecuniae
1565 4526 1748 4583 vere-uincula
1762 4536 1825 4583 suttt
1835 4526 1856 4598 i.
1868 4526 1902 4583 ll·

1107 4617 1162 4674 lum
1175 4617 1229 4685 adi,
1242 4619 1340 4687 invise,
1351 4618 1504 4686 cnttsttlure,
1518 4632 1533 4672 a
1548 4617 1663 4674 uinculis
1674 4620 1779 4690 eripere
1792 4631 1902 4675 conare.

1107 4713 1136 4771 st
1156 4713 1241 4778 nolit,
1262 4728 1345 4784 penus
1363 4713 1439 4769 illum
1457 4711 1536 4784 culpa
1554 4713 1616 4781 erit.
1641 4710 1736 4768 vidisti
1762 4711 1862 4768 uttdnm
1877 4719 1904 4769 et

1108 4805 1300 4879 peregrinum?
1316 4803 1777 4878 (uudnsenimtercatperegritttts
1791 4803 1906 4860 incaelis

1108 4908 1160 4966 est,
1177 4900 1222 4970 qui
1236 4905 1337 4955 rectam
1350 4898 1419 4954 tiam
1437 4913 1488 4953 nott
1506 4900 1606 4968 curat).
1622 4895 1724 4968 Recipe
1736 4897 1763 4952 in
1783 4896 1906 4953 dirersn-

1109 4991 1179 5048 riuut
1193 4999 1286 5058 tunm,
1301 4989 1470 5046 vestimentis
1486 4989 1593 5046 uirtutis
1607 4989 1689 5046 indtte
1703 4989 1797 5054 illttm,
1819 4987 1853 5044 da
1868 4987 1905 5044 ilii

1109 5084 1244 5142 uilitatem
1260 5083 1287 5138 itt
1306 5083 1383 5139 calo.
1398 5083 1466 5150 Quid
1485 5097 1563 5153 ergo,
1580 5083 1601 5139 si
1619 5091 1647 5140 et
1660 5097 1710 5155 ego
1728 5081 1816 5138 nudus
1833 5084 1905 5148 sim,

1110 5175 1235 5247 inquies?
1248 5174 1375 5247 Teipsum
1392 5175 1473 5232 iudne
1483 5175 1599 5246 primum
1614 5195 1619 5230 :
1636 5176 1659 5232 si
1677 5175 1747 5232 nosti
1759 5183 1786 5231 te
1803 5173 1906 5230 nudum

1109 5283 1189 5337 csse:
1206 5267 1284 5342 platie
1298 5271 1350 5326 sris
1364 5269 1476 5326 reindui
1491 5280 1627 5340 oportere.
1640 5269 1668 5326 Si
1682 5269 1811 5326 nuditatis
1824 5267 1906 5339 hujus

1109 5363 1218 5422 modum
1233 5365 1314 5430 nosti,
1327 5379 1407 5422 nosse
1419 5365 1532 5436 pateris,
1544 5379 1673 5438 quoopus
1686 5366 1722 5422 sit
1731 5363 1904 5421 vestimento.

1109 5459 1180 5530 Quot
1190 5461 1318 5519 mulieres
1330 5461 1416 5518 serica
1433 5462 1592 5518 uestimenta
1606 5468 1729 5534 gestant,
1743 5459 1906 5528 virtutisque

1110 5555 1229 5612 restibus
1250 5573 1358 5629 prorsus
1381 5555 1459 5614 nuda
1476 5556 1563 5612 sttntl
1577 5555 1623 5612 llis
1645 5555 1707 5612 illas
1721 5554 1836 5611 restiant
1853 5551 1906 5608 riri

1109 5648 1161 5706 sui.
1177 5648 1277 5705 lerum
1293 5665 1345 5705 nun
1361 5649 1505 5706 admittunt
1518 5648 1578 5705 illas
1600 5655 1709 5715 restes,
1725 5646 1775 5703 has
1788 5643 1908 5702 nolunt?

1110 5741 1168 5800 lioc
1188 5741 1303 5814 primunt
1327 5743 1425 5800 inuito:
1446 5742 1552 5800 illarum
1575 5741 1688 5798 testium
1711 5737 1908 5809 concupiscen-

1110 5847 1173 5901 tiann
1186 5841 1239 5898 illis
1252 5836 1358 5896 insinua
1370 5853 1378 5904 ;
1392 5835 1506 5896 ostendo
1521 5834 1573 5894 illis
1587 5834 1659 5906 ipsas
1674 5847 1734 5891 esse
1755 5830 1858 5899 nudas,
1871 5829 1910 5890 tls
