4084 6350
165 413 202 468 13
886 391 1078 452 lametula.

168 524 325 595 luebant,
341 523 371 583 et
389 520 503 582 Filium
524 516 610 580 Patri
625 513 781 593 aequalem
801 511 1046 590 profitebantur,
1067 509 1141 571 licet
1154 524 1252 586 porro
1272 507 1349 570 illud
1362 508 1505 599 ⁵t⁶¹t⁶³⁵¹⁰³
1519 506 1714 586 impietatem
1717 523 1805 647 afra
1842 535 1845 538 ⁴

168 622 205 665 se
223 601 326 662 ierat:
343 599 456 662 namsi
472 597 584 660 similis
600 592 779 656 substantia
802 591 886 655 Patri
902 589 943 650 sit
953 588 1068 662 Filius,
1084 589 1111 648 si
1131 606 1206 650 vere
1220 587 1317 658 Deus,
1332 592 1370 647 ut
1386 586 1432 647 elle
1459 585 1712 654 confitebantur,
1753 590 1806 646 te-

167 683 239 742 rius
254 683 285 741 et
296 678 432 740 diverses
445 674 632 738 substantie
645 671 740 732 luerit
756 691 763 730 :
781 669 863 730 idem
875 667 961 729 enim
977 668 1081 744 ipsum
1095 682 1272 744 numquam
1289 665 1392 728 simile
1404 663 1463 726 sibi
1479 664 1540 727 dici
1554 665 1665 744 possit.
1681 664 1712 726 Si
1727 682 1804 726 vero

168 761 305 820 diverse
321 757 509 820 substantia
523 755 588 815 sint
605 754 699 814 Pater
713 754 745 812 et
760 749 881 822 Filius„
889 746 915 808 si
926 749 1019 808 Pater
1035 746 1134 818 Deus,
1149 750 1181 805 et
1192 745 1294 806 Filius
1308 762 1439 823 quoque
1450 744 1558 818 Deus;
1580 761 1657 822 ergo
1675 743 1739 804 duo
1760 743 1804 803 dii

168 842 284 910 crunt;
299 853 374 898 nam
398 833 580 896 substantia
592 830 650 891 Dei
661 830 747 892 Deus
764 827 832 906 ipse
852 831 911 888 est.
924 825 975 886 Sic
989 824 1091 886 Filius
1110 824 1196 887 Patri
1211 823 1393 886 substantia
1407 821 1538 896 similis,
1556 823 1618 884 erit
1631 822 1716 885 Deus
1736 822 1804 882 Deo

169 915 285 984 semilis
300 935 310 986 ς
327 931 405 992 ergo
424 913 489 974 duo
508 912 563 971 dii.
582 910 703 971 Verum
724 907 810 969 hanc
833 903 1098 982 consequentiam
1119 921 1184 964 nou
1203 902 1413 964 admittebant
1435 902 1485 978 hi,
1505 901 1676 980 dequibus
1698 901 1805 983 loqui·

170 1011 254 1066 mur,
269 992 471 1060 Semiariani,
485 990 560 1052 lieet
573 1005 613 1050 ea
626 989 737 1065 aperte
748 1004 790 1046 ex
804 1001 883 1049 voce
894 989 1040 1052 ὁμσιιούσιω
1052 985 1143 1061 sequi
1159 981 1317 1045 videatur.
1331 982 1371 1042 lli
1389 988 1475 1043 certe
1486 981 1545 1050 etsi
1560 980 1601 1044 ad
1615 979 1807 1042 catholicam

170 1071 362 1134 sententiam
377 1070 576 1142 accederent,
591 1065 674 1128 eleale
698 1069 804 1126 tauma
829 1063 913 1126 hanc
926 1062 1121 1124 inducebant
1134 1077 1262 1134 vocem,
1278 1065 1310 1124 et
1322 1060 1472 1138 culpandi
1493 1061 1590 1123 etiam
1603 1062 1697 1122 erant
1718 1059 1806 1137 quod

170 1168 282 1212 vocem
296 1155 418 1218 ὁμωὺσιον
432 1149 464 1210 in
485 1163 578 1211 sacra
592 1145 718 1206 Niceana
741 1143 864 1223 synodo
886 1141 1050 1203 inductam
1067 1157 1133 1201 non
1148 1139 1362 1202 admitterent.
1381 1142 1528 1202 Attamen
1549 1155 1702 1218 magnum
1726 1137 1806 1198 illud

169 1229 321 1290 Ecclesia
331 1229 442 1289 lumen
457 1225 651 1288 Athanasius
668 1223 726 1284 bos
745 1239 809 1282 non
826 1221 894 1283 nult
908 1220 1001 1360 quasi
1024 1219 1226 1282 adversarios
1241 1217 1365 1281 haberi.
1381 1219 1480 1280 Libro
1493 1235 1633 1308 namque
1648 1215 1686 1280 de
1701 1216 1808 1297 Syrio*

169 1307 231 1378 dis,
248 1325 280 1386 p.
295 1306 367 1377 755,
382 1307 426 1368 ita
439 1306 557 1368 babet:
587 1303 680 1365 Vires
704 1308 806 1362 eutem
819 1300 874 1391 qui
888 1319 907 1360 a
921 1299 953 1360 ie
965 1298 1087 1379 quidem
1111 1299 1214 1360 omnia
1227 1297 1342 1361 Nicea
1362 1300 1484 1378 scriptu
1496 1297 1665 1375 recipiunt,
1684 1295 1722 1357 de
1738 1296 1805 1358 solo

170 1393 274 1446 eutem
289 1383 565 1448 consubstantialis
579 1379 728 1442 vocabulo
748 1377 919 1456 ambigunt,
935 1395 999 1438 usa
1013 1385 1048 1438 ut
1068 1378 1211 1440 inimicos
1226 1377 1363 1456 spectari
1374 1394 1435 1456 per
1450 1384 1505 1439 est.
1521 1369 1628 1456 Neque
1642 1375 1724 1437 ensis
1737 1376 1808 1436 eel-

170 1471 206 1524 ut
222 1464 436 1525 Ariomnuites
450 1470 504 1522 eut
519 1461 650 1522 Petrum
675 1459 869 1520 adversarios
893 1457 1030 1518 homines
1056 1457 1274 1536 aggredimur,
1289 1455 1345 1518 sed
1371 1457 1565 1536 disputamus
1579 1453 1678 1516 veluti
1677 1456 1809 1594 1{ratres

171 1561 241 1602 eum
262 1541 508 1622 [retribus,qui
527 1539 629 1610 eudem
650 1555 785 1618 queens
807 1543 880 1597 sunt
898 1533 1070 1605 sententio,
1093 1536 1160 1598 sole
1183 1536 1307 1597 nomiae
1328 1537 1364 1597 in
1386 1534 1631 1598 controuersiam
1657 1553 1675 1594 e
1699 1534 1808 1594 eleeto.

169 1621 250 1682 Cum
265 1621 346 1680 caim
359 1622 567 1699 confiteantur
583 1616 811 1678 insubstantia
835 1615 954 1682 Putris,
972 1622 999 1676 et
1014 1633 1080 1675 uon
1095 1634 1134 1676 eu
1148 1615 1213 1677 olio
1226 1613 1401 1677 substantie
1415 1633 1476 1674 esse
1496 1613 1525 1674 F
1529 1613 1629 1682 ilium,
1644 1630 1700 1676 nec
1715 1630 1808 1672 creo·
1867 1660 1870 1663 .

171 1709 275 1759 turum
286 1699 334 1760 vel
346 1699 400 1777 opi
423 1697 505 1759 cium
518 1697 608 1758 ilium
621 1714 693 1764 esse,
712 1693 764 1756 sed
778 1694 945 1773 genuinam
958 1694 1367 1772 interammensem
1378 1692 1539 1755 absterso
1552 1711 1617 1753 una
1630 1710 1698 1753 cisen
1711 1691 1808 1751 Putre

175 1775 310 1839 Verbum
332 1785 361 1838 et
407 1777 575 1856 apientiam
597 1774 762 1840 exsistere,
776 1791 841 1834 non
855 1772 947 1850 lonqs
965 1769 1078 1832 obsunt
1096 1771 1311 1852 arecipienda
1326 1771 1704 1852 consubstantialiseoce.
1720 1769 1810 1830 Telis

171 1865 215 1916 est
223 1855 363 1918 Racilius
376 1855 517 1934 Ancyra,
532 1855 587 1934 qui
599 1854 636 1914 da
650 1853 707 1933 fide
722 1851 860 1930 scripsit.
874 1851 907 1914 N
908 1867 956 1910 aus
967 1851 996 1911 si
1009 1850 1121 1912 similis
1136 1859 1257 1912 tontum
1271 1850 1397 1913 dicotur
1410 1849 1580 1912 seeundum
1592 1849 1807 1917 substantium,

172 1933 206 1994 id
217 1952 284 1996 non
297 1934 377 1995 idem
386 1951 519 2013 prorsus
533 1933 690 2011 siqnifieet
708 1939 798 2010 utque
817 1929 908 1998 iliud,
925 1948 967 1991 ex
981 1929 1247 2008 substantiaque
1261 1928 1351 1991 serbo
1362 1929 1473 2008 magis,
1486 1936 1521 1990 sit
1536 1929 1599 2007 ipsi
1615 1927 1734 1997 disere,
1747 1927 1809 1987 Pa·

173 2015 232 2074 tris
247 2031 427 2092 germanum
446 2013 568 2074 Filium
582 2011 682 2090 ipsum
696 2027 758 2070 esse
781 2009 1001 2088 significetur,
1024 2011 1084 2068 ete.
1099 2009 1148 2068 Ex
1172 2009 1222 2070 his
1238 2009 1326 2070 rides
1349 2009 1408 2070 hos
1431 2005 1647 2070 semiarianos
1675 2005 1807 2068 vocibus

172 2094 332 2153 tantuma
346 2091 519 2154 Catholicis
531 2090 733 2164 dissensisse,
745 2105 780 2150 re
794 2091 901 2150 autem
915 2085 1060 2166 ejusdem
1076 2088 1243 2150 sententiae
1253 2087 1462 2151 luisse.Unde
1476 2083 1806 2168 rideturAthanasius

173 2187 306 2248 sperare
318 2170 391 2232 illos
410 2169 536 2232 tandem
546 2167 590 2230 ad
600 2167 790 2230 catholicam
801 2184 866 2227 non
880 2164 975 2228 modo
988 2165 1157 2241 sentiendi,
1173 2167 1228 2228 sed
1242 2167 1341 2230 etiam
1354 2165 1507 2245 loquendi
1522 2166 1678 2228 rationem
1692 2181 1808 2225 acees-

173 2265 269 2310 suros
280 2267 363 2322 csse,
377 2266 450 2310 cum
463 2249 518 2321 ait,
536 2249 623 2326 ipsos
633 2263 698 2309 non
711 2245 806 2324 longe
820 2244 1152 2323 abesscarecipienda
1161 2244 1452 2308 Consubstantialis
1467 2245 1602 2306 socelli
1616 2261 1690 2306 rere
1703 2243 1761 2317 illi,
1772 2247 1809 2303 ut

172 2327 304 2404 quidem
321 2327 458 2400 videtur,
473 2332 585 2404 postea
608 2323 780 2388 Catholicis
795 2323 936 2403 adjuncti
952 2327 1049 2386 sunt:
1073 2341 1138 2384 non
1155 2323 1209 2387 diu
1230 2327 1315 2388 enim
1335 2324 1487 2402 loquendi
1501 2323 1656 2385 formulas
1680 2323 1722 2384 ab
1746 2321 1808 2384 illis

173 2411 349 2483 usurpatas
364 2407 510 2468 videmus
533 2407 565 2466 in
588 2404 727 2466 medium
744 2401 864 2465 alierri.
880 2403 919 2464 Ut
934 2421 1012 2465 vero
1036 2402 1070 2463 hi
1091 2403 1281 2466 Semiariani
1295 2422 1332 2465 ro
1352 2405 1421 2482 ipsa
1442 2421 1518 2465 eum
1539 2401 1712 2464 Catholicis
1727 2418 1809 2462 con-

173 2485 368 2556 sentiebant,
384 2486 428 2548 ita
441 2501 572 2563 quoque
586 2484 640 2546 alii
660 2481 864 2554 semiariani,
878 2481 933 2560 qui
949 2481 1066 2542 Filium
1080 2500 1148 2544 rem
1164 2482 1277 2545 iactam
1293 2501 1364 2545 esse
1379 2500 1438 2546 nec
1450 2486 1644 2546 coaeternum
1659 2480 1744 2542 Patri
1757 2479 1810 2539 di-

172 2563 302 2636 cebant,
317 2564 377 2626 etsi
396 2563 487 2624 illurn
501 2570 657 2632 emesenus,
671 2562 701 2621 id
717 2565 777 2633 est,
793 2561 895 2624 Patris
911 2562 1093 2624 substantia
1113 2561 1249 2623 similem
1266 2561 1407 2625 dicerent
1422 2606 1431 2633 ,
1445 2561 1495 2624 rel
1514 2578 1642 2641 parum,
1656 2559 1706 2622 vel
1727 2558 1813 2620 nibil

171 2639 364 2704 differebant
377 2643 419 2704 ab
433 2641 561 2704 Arianis
573 2646 605 2703 et
621 2641 715 2702 abiis
739 2639 794 2719 qui
811 2644 932 2713 ἀνόμοιον,
949 2639 1054 2713 idest,
1069 2639 1257 2702 dissimilem
1273 2641 1359 2704 Patri
1369 2641 1486 2702 Filium
1498 2641 1810 2716 asserebantsqua-

171 2725 306 2800 propter
329 2721 361 2782 bi
376 2720 472 2783 etiam
486 2719 675 2783 Semiariaui
693 2736 758 2780 non
785 2718 840 2780 diu
855 2720 898 2782 ab
912 2719 1042 2780 Arianis
1055 2723 1086 2781 et
1099 2721 1141 2782 ab
1155 2721 1318 2784 Anomoeis
1333 2721 1491 2800 segregati
1511 2720 1669 2781 mansisse
1692 2717 1808 2778 viden-

170 2803 238 2870 tur,
255 2805 286 2860 et
302 2799 347 2862 sic
358 2799 486 2860 demum
500 2797 566 2860 tere
579 2815 703 2870 omnes,
719 2797 764 2858 uti
778 2797 909 2874 quidem
920 2797 1084 2873 existimo,
1100 2800 1327 2862 Anomoeornn
1342 2799 1472 2861 nomine
1485 2801 1560 2861 sunt
1573 2797 1738 2877 appellati.

214 2877 359 2940 Anomoei
376 2895 453 2941 vero
469 2877 516 2939 illi
529 2878 640 2940 eodem
652 2876 777 2942 suborti
791 2881 854 2938 tem
898 2895 934 2940 re
951 2877 1079 2940 Aetium
1094 2883 1259 2941 auctorem
1273 2879 1426 2942 habuisse
1439 2879 1660 2958 perhibentur,
1668 2876 1807 2950 Aetium,

170 2955 320 3032 inquam,
334 2957 437 3028 illum,
451 2957 508 3034 qui
524 2956 695 3036 impietatis
711 2971 810 3020 eausa
823 2963 856 3017 at
878 2974 930 3018 eus
945 2954 1037 3096 (ᾶθισῐὶ
1048 2956 1293 3037 cognominatus
1316 2962 1375 3021 est.
1390 2959 1573 3036 lamperto
1591 2957 1637 3018 illi
1662 2960 1807 3035 tempore

172 3032 342 3096 Athanasii
359 3039 471 3098 turbas
485 3035 562 3098 dare
585 3038 751 3114 ceperunt
762 3078 770 3107 ‚
783 3032 996 3112 dicebantque
1039 3035 1130 3098 ilium
1145 3037 1229 3099 Patri
1247 3038 1378 3099 quinino
1399 3037 1597 3112 dissimilem,
1617 3053 1689 3116 quae
1705 3035 1810 3098 heere-

171 3113 230 3186 sis,
244 3131 318 3177 cum
332 3115 398 3177 Arii
414 3119 446 3177 et
460 3115 653 3178 Asianorum
668 3114 833 3178 erroribus
847 3114 978 3178 omnino
1000 3116 1231 3179 consentiebat.
1245 3115 1324 3179 Cum
1339 3116 1424 3179 enim
1436 3117 1553 3178 Filium
1567 3132 1634 3177 rem
1647 3115 1764 3177 tactam
1778 3119 1810 3175 et

172 3196 316 3255 creatam
330 3194 440 3257 Ariani
456 3193 610 3265 dicerent,
624 3194 700 3257 hinc
720 3210 798 3257 sane
811 3195 1008 3271 sequebatur
1023 3199 1147 3257 tantam
1163 3213 1236 3256 esse
1251 3196 1377 3257 Patrem
1392 3196 1476 3256 inter
1485 3199 1517 3256 et
1529 3194 1647 3255 Filium
1662 3192 1810 3255 dissimi-

172 3271 353 3347 litudinem,
370 3278 492 3351 quauta
515 3277 563 3335 est
576 3273 760 3335 Creatorem
781 3270 865 3333 inter
877 3275 908 3333 et
924 3290 993 3333 rem
1013 3279 1165 3335 creatam.
1177 3272 1257 3335 Cum
1274 3290 1372 3353 porro
1387 3273 1471 3335 inter
1484 3276 1663 3335 creatorem
1685 3275 1717 3333 et
1740 3289 1812 3333 rem

172 3354 315 3413 creatam
341 3352 500 3423 immensa
520 3352 562 3413 sit
577 3348 803 3413 dissimilitudo
816 3394 824 3419 ,
837 3354 926 3427 ,certe
952 3350 1098 3414 eamdem
1119 3368 1192 3414 esse
1214 3352 1300 3413 iuter
1317 3352 1443 3414 Patrem
1466 3356 1497 3415 et
1511 3352 1628 3413 Filium
1643 3350 1811 3430 sequeba-

172 3432 238 3489 tur·
253 3420 366 3495 lan...
381 3430 491 3508 itaque
512 3447 570 3493 seu
591 3428 780 3491 dissimilem
798 3426 960 3491 Christum
980 3428 1147 3502 dicebant,
1162 3430 1304 3509 hincque
1325 3430 1371 3492 illi
1393 3430 1537 3492 Anomoei
1552 3433 1629 3505 sunt
1642 3430 1809 3522 appellati.

173 3506 270 3568 lnitio
284 3514 392 3571 autem
412 3508 497 3571 inter
509 3509 679 3575 Anomoeos
693 3511 726 3569 et
739 3507 877 3570 Arianos
891 3506 1108 3572 dissensiones
1123 3510 1264 3571 subortae
1277 3514 1374 3581 sunt;
1397 3526 1463 3570 non
1478 3528 1589 3573 omnes
1604 3525 1696 3587 pana
1717 3508 1810 3571 dice-

173 3586 263 3659 bant,
278 3593 310 3647 et
329 3586 516 3664 aliquando,
530 3586 604 3649 lieet
618 3587 737 3665 reipsa
756 3585 847 3665 paria
872 3587 1040 3661 sentirent,
1054 3588 1161 3651 verbis
1177 3592 1284 3649 tamen
1298 3586 1575 3668 digladiabantur3
1592 3588 1652 3649 sub
1665 3588 1734 3649 hac
1751 3604 1810 3650 au-

173 3669 237 3725 tam
262 3666 407 3727 Anomoei
432 3666 551 3727 sensim
575 3666 741 3728 invaluere
763 3668 795 3728 et
817 3663 981 3727 Orientem
1004 3684 1087 3743 pene
1109 3670 1211 3727 totum
1234 3673 1444 3745 occuparunt.
1468 3665 1560 3729 Certe
1579 3684 1645 3745 quo
1665 3669 1810 3745 temporo

172 3741 422 3821 chrysostomus
441 3744 624 3807 concionari
642 3762 688 3807 cea
712 3744 746 3811 it,
766 3760 880 3822 nempe
894 3760 981 3806 anno
993 3742 1064 3817 386,
1078 3745 1175 3835 plena
1188 3746 1350 3807 Anomoeis
1365 3746 1536 3808 Antiochia
1551 3750 1623 3815 erat
1632 3766 1639 3804 :
1663 3760 1811 3824 quapro-
1840 3778 1846 3783 ·

173 3823 246 3897 pter
258 3838 297 3882 eo
314 3823 386 3899 ipso
399 3838 486 3884 anno
498 3823 654 3886 Hamillus
666 3762 738 3885 ilias
752 3822 789 3885 de
809 3821 1247 3917 incomprehensibilicoepit,
1257 3824 1410 3917 ipsosque
1421 3824 1547 3904 egregie
1561 3823 1736 3887 confutavit
1753 3825 1815 3885 illn.

173 3903 206 3959 et
227 3900 439 3978 sequentibus
466 3902 579 3975 annis;
603 3919 670 3965 una
694 3918 768 3965 nam
794 3919 835 3963 ue
859 3919 942 3963 serre
955 3901 1124 3965 duodecim
1138 3902 1287 3966 homilias
1300 3902 1444 3965 dedimus
1460 3904 1560 3967 Tomo
1575 3903 1696 3983 primo,
1715 3906 1814 3983 queis

173 3978 404 4041 Anomoeorum
419 3983 610 4059 argumenta
623 3979 752 4059 depellit
768 3918 1029 4060 flnrysoseomus.

212 4056 243 4116 3.
253 4058 485 4120 Praeterautem
494 4058 648 4121 Arianam
657 4062 756 4121 totam
770 4058 917 4121 heresim
931 4074 1030 4137 quam
1039 4062 1101 4140 ipsi
1111 4061 1388 4140 anaplectebantur
1400 4064 1432 4124 et
1442 4063 1628 4135 tuebantur,
1638 4062 1811 4125 aliaetiam

172 4134 1814 4221 addiderantamentiaeplena,queepassimilllsexprobratsanctusdoctor.1)icebantitaquehitaliam

173 4216 361 4276 monuimus
377 4234 412 4279 sc
427 4232 554 4278 omnem
577 4216 744 4279 scientiam
758 4218 920 4296 accepisse
940 4236 947 4276 ε
962 4234 997 4279 se
1011 4218 1114 4280 Deum
1130 4218 1262 4298 perinde
1275 4237 1389 4293 nosse,
1403 4223 1501 4299 atque
1515 4239 1550 4281 se
1567 4220 1636 4298 ipse
1653 4225 1806 4289 noverat3

173 4310 240 4370 qua
260 4292 390 4357 insania
410 4310 483 4373 quse
502 4294 608 4375 major
621 4312 692 4367 essa
715 4297 859 4373 poteratl
874 4296 938 4357 Nec
954 4294 1051 4357 modo
1065 4298 1099 4359 in
1111 4298 1313 4361 orationibus
1339 4298 1420 4373 illis,
1435 4313 1518 4377 quas
1534 4299 1700 4376 speciatim
1721 4315 1807 4359 con-

173 4374 224 4434 tra
238 4370 410 4435 Anomoeos
433 4373 559 4447 babuit,
575 4374 647 4435 illos
664 4373 806 4453 exagitat
819 4374 864 4436 Cb
906 4378 1084 4453 sostomus;
1104 4376 1270 4441 sedetiam
1287 4379 1408 4457 passim
1422 4378 1456 4439 in
1471 4378 1543 4440 aliis
1559 4377 1700 4440 homiliis
1715 4378 1810 4439 Auo-

172 4467 274 4513 moeos
289 4467 374 4529 saepe
398 4451 430 4514 in
453 4452 590 4515 medium
608 4452 737 4515 adducit
762 4458 793 4514 et
818 4470 878 4515 con
916 4456 981 4527 tat,
1007 4459 1039 4515 et
1064 4456 1194 4533 quidem
1216 4456 1408 4534 aliquando,
1425 4460 1461 4519 ut
1473 4458 1510 4519 T.
1528 4456 1558 4531 3,
1573 4456 1634 4518 col.
1651 4456 1702 4528 31,
1719 4475 1809 4537 pree-

173 4532 295 4592 sentes.
314 4530 395 4592 Nam
419 4548 530 4591 eorum
552 4531 699 4610 plerique
720 4531 931 4594 concionibus
948 4530 1018 4612 ejus
1045 4533 1293 4609 intererant,ut
1303 4534 1371 4615 jam
1385 4535 1535 4597 diximus.
1548 4536 1613 4598 Nec
1626 4534 1720 4597 modo
1742 4540 1808 4598 An-

172 4608 321 4681 tiocbiae,
338 4608 499 4671 sedetiam
511 4609 789 4688 Constantinopoli
807 4610 924 4673 multos
940 4610 1062 4689 reperit
1076 4612 1247 4673 Anomoeos
1259 4656 1268 4686 ,
1281 4631 1363 4690 quos
1376 4618 1472 4676 etiam
1492 4615 1613 4694 passim
1634 4616 1807 4695 aggressus

173 4690 233 4747 est.
247 4686 287 4747 lli
299 4688 386 4749 enim
400 4688 565 4751 catholice
578 4688 664 4767 plebi
680 4686 812 4751 admixti
826 4688 970 4768 quotidie
983 4689 1200 4753 volitabantur
1215 4708 1288 4751 cum
1302 4693 1406 4755 obviis
1444 4694 1616 4771 uibusque.
1632 4694 1707 4756 llaec
1727 4712 1808 4773 prae-

174 4766 270 4843 eipua
286 4782 366 4829 cura
376 4765 435 4827 init
448 4766 677 4859 Chrysostorno
695 4784 768 4830 cum
783 4768 979 4843 Antiochia,
995 4772 1065 4831 tum
1078 4768 1368 4848 Constantinopoli.
1385 4711 1444 4833 Se}
1457 4771 1535 4849 quia
1547 4772 1580 4834 in
1596 4772 1656 4834 hac
1674 4778 1809 4851 postre-

173 4860 228 4907 ma
240 4844 390 4919 civitate,
407 4846 462 4907 ubi
477 4862 647 4925 episcopus
662 4846 935 4918 concionabatur,
951 4848 1151 4927 gravissimis
1163 4848 1235 4911 aliis
1251 4849 1337 4911 curis
1353 4851 1554 4943 negotiisque
1566 4851 1723 4913 distentus
1734 4851 1805 4921 tuit,

173 4923 337 5000 impetitus
355 4939 374 4985 a
397 4924 505 4986 multis
518 4968 526 4997 ‚
539 4942 578 4987 ae
597 4925 646 4987 bis
666 4926 698 4987 in
714 4925 865 4988 exsilium
879 4928 989 5000 actus,
1008 4944 1075 4989 non
1091 4929 1195 5008 potuit
1216 4933 1338 4991 tantam
1361 4928 1433 4992 istic
1452 4936 1607 5009 quantam
1630 4928 1810 4991 Antiochiae

173 5000 402 5079 propulsandis
420 5000 581 5077 Anomoeis
592 5002 744 5067 adhibere
759 5021 882 5067 curam.
895 5004 963 5067 Etsi
978 5022 1073 5073 vcro,
1089 5008 1135 5068 uti
1147 5007 1214 5086 jam
1231 5008 1392 5081 diximus,
1403 5008 1523 5088 passim
1536 5010 1569 5071 in
1582 5007 1723 5069 homiliis
1739 5008 1806 5069 suis

173 5082 286 5143 contra
301 5081 473 5143 Anomoeos
487 5087 573 5160 agat,
588 5080 662 5143 licet
676 5100 731 5145 eos
744 5099 820 5145 raro
835 5100 895 5145 suo
908 5082 1038 5145 nomine
1051 5084 1221 5147 Auomoeos
1236 5086 1392 5165 appellet:
1409 5105 1587 5167 numquam
1602 5086 1730 5147 illorum
1746 5104 1808 5149 ar-

172 5162 326 5237 gumenta
348 5160 393 5222 ita
406 5160 571 5238 speciatim
591 5159 684 5222 allent
704 5178 742 5225 ae
757 5161 893 5237 refellit,
917 5167 953 5225 ut
973 5161 1027 5225 bic
1047 5162 1080 5224 in
1099 5163 1249 5227 Homiliis
1274 5165 1307 5225 in
1330 5164 1500 5227 loannem.
1519 5165 1734 5239 Quamobrem
1754 5166 1807 5228 hic

172 5238 288 5376 segtem
313 5240 477 5317 precipua
509 5240 681 5305 recensere.
713 5240 839 5303 animus
865 5245 943 5302 est:
969 5240 1097 5321 longius
1127 5242 1215 5305 duim
1238 5261 1412 5307 excurrere
1433 5248 1615 5327 oporteret,
1639 5243 1666 5306 si
1696 5246 1806 5309 omnia

172 5332 192 5377 a
217 5334 375 5379 erremus.

174 5423 188 5493 ς
213 5419 266 5480 lv.
291 5420 431 5483 Astomoei
454 5438 492 5481 sa·
508 5420 638 5482 Arionis
657 5421 721 5482 orti
728 5442 738 5491 ;
761 5438 818 5483 cer
844 5439 882 5481 eu
906 5421 1081 5499 Evangelio
1102 5423 1240 5485 Ioannis
1256 5430 1440 5503 nequeunte
1453 5429 1646 5485 mutuentur.
1671 5424 1808 5487 litoream

579 5508 761 5579 argumente
771 5518 810 5561 ese
824 5502 881 5562 iilo
895 5500 964 5580 ipso
984 5501 1156 5581 Evangelio
1177 5504 1395 5584 confutentur.

213 5600 262 5662 Ex
276 5602 405 5665 Arianis
421 5602 481 5663 orti
498 5599 653 5674 Anomoei‚
668 5601 728 5663 hac
741 5606 817 5663 nota
831 5603 862 5663 et
880 5610 1004 5665 tessera
1017 5605 1059 5665 ab
1073 5604 1136 5665 illis
1150 5602 1305 5683 distingui
1323 5602 1532 5676 ridebantur,
1554 5605 1642 5683 qnod
1665 5607 1808 5669 dicerent

171 5697 208 5741 se
222 5680 439 5752 omnimodam
459 5680 626 5745 scientiam
641 5678 771 5759 adeptos
788 5698 857 5742 esse
870 5702 878 5753 ;
893 5698 927 5742 se
944 5682 1077 5759 perinde
1095 5684 1198 5745 Deum
1212 5698 1309 5743 nosse
1322 5686 1359 5742 ut
1372 5682 1458 5744 Deus
1474 5683 1561 5761 ipsos
1576 5690 1732 5756 noverat,
1753 5690 1808 5747 at·

172 5774 238 5835 que
252 5759 367 5832 etiam,
385 5766 422 5821 ut
434 5760 520 5821 beas
532 5776 566 5821 se
581 5758 689 5837 ipsunt
705 5764 859 5823 noverat:
875 5760 960 5838 quod
976 5760 1127 5823 insanum
1153 5761 1251 5823 simul
1263 5765 1295 5821 et
1307 5761 1441 5838 impium
1460 5769 1542 5825 erat.
1558 5763 1634 5827 llas
1652 5780 1686 5826 sn
1706 5764 1803 5824 tultos

173 5838 309 5935 scientia
324 5844 488 5919 putantes,
503 5837 684 5925 Catholicos
701 5836 820 5921 ubique
835 5838 1032 5939 confidenter
1044 5841 1325 5921 aggrediebantur.
1341 5840 1501 5917 Quoniam
1521 5858 1599 5907 vero
1612 5862 1653 5907 ex
1668 5844 1808 5920 Evange-
