4084 6350
145 224 192 282 rtl

145 345 276 417 pauperis
285 344 481 413 eleemosynam
494 341 648 410 recipientis
660 347 780 396 excavat.
794 339 861 393 cum
879 353 928 393 ao-

144 417 184 472 dis
195 414 294 471 Christi
312 426 433 477 manunt,
447 411 565 481 intellige
579 411 705 481 palmam,
719 419 778 477 qnae
790 408 862 462 orbis
871 417 930 463 ter·

144 489 230 541 minos
242 491 337 555 gestat.
357 482 482 537 Extendit
501 481 579 551 igitur
597 495 703 534 tnannm
717 494 815 532 arcano
829 478 928 543 medo,

144 558 209 610 elatu
222 553 317 610 obelos
330 553 436 621 accipit,
452 551 576 605 observat
589 551 676 605 dantis
689 551 806 612 toltum;
822 549 847 601 in
860 559 928 600 terra

144 624 300 680 machelum
321 622 436 691 accipit,
451 630 478 675 et
492 621 519 675 in
530 620 599 675 celo
615 620 766 674 mercedem
787 627 928 686 preparat.

144 694 279 763 Quomodo
289 702 320 747 et
333 692 440 761 quaudo
452 691 498 745 dat
516 690 736 755 retributionem?
749 687 813 741 Catu
826 687 928 750 certent,

145 764 242 833 ittqttit,
258 760 342 816 Filias
362 762 470 815 beatiora
491 761 518 813 in
535 761 618 830 glorie
637 757 723 812 Petris
736 758 792 822 sui,
808 766 830 810 et
845 771 931 809 earnes

144 834 224 904 angeli
237 849 293 886 cum
305 847 344 897 ee,
359 842 419 885 tnnc
432 831 524 887 redebit
537 846 613 899 attper
625 832 742 882 tirrenum
754 827 842 898 glorie
854 842 907 880 turc
920 838 931 879 .·

144 912 166 957 tt
179 906 398 973 cortgregebutttur
409 912 467 955 ante
480 917 537 954 cunt
551 905 635 953 etttned
649 908 749 969 galatea,
766 906 790 950 et
806 896 931 965 separabit

144 988 183 1026 ees
195 972 225 1025 ei
238 973 359 1033 inuicem,
372 972 437 1024 deut
452 978 537 1039 poster
555 978 667 1037 segreget
680 984 736 1021 eres
748 966 780 1019 ola
793 966 872 1019 brodia
886 982 895 1019 :
908 974 931 1020 et

142 1050 231 1096 statuet
245 1058 301 1110 poet
315 1041 414 1109 quidam
427 1057 443 1093 o
457 1040 552 1093 destris
566 1040 628 1101 auia,
644 1037 730 1091 hedes
743 1047 826 1089 cutem
838 1051 854 1087 o
866 1036 927 1087 sirti-

143 1114 200 1165 arrt's
210 1128 219 1165 .·
229 1122 254 1167 et
268 1111 332 1163 dicet
346 1111 392 1172 eia,
424 1110 451 1163 ui
461 1125 478 1161 o
490 1108 584 1162 dextris
596 1117 655 1160 attat
668 1122 678 1160 .·
692 1105 789 1170 Vertite,
811 1106 931 1159 tenenat

143 1182 227 1235 Patras
238 1179 400 1253 otei-(uuna.
447 1219 454 1232 .
466 1179 510 1231 at.
521 1176 581 1247 54).
592 1176 806 1231 itarenislisenint
813 1174 931 1243 judicem

142 1252 286 1307 debitorum
302 1264 356 1304 :ne
370 1248 485 1303 timeatis
499 1247 632 1310 thronum,
646 1247 692 1301 sed
706 1246 739 1299 ad
751 1247 890 1300 sedentem
903 1254 932 1300 ut

142 1321 269 1375 bettelieio
282 1319 405 1374 allectum
420 1318 552 1374 accurrite
567 1336 574 1373 :
587 1316 793 1386 chirographum
805 1315 874 1386 qued
888 1330 932 1370 ex·

141 1392 215 1516 pgsui
235 1390 311 1445 robis
331 1388 437 1458 protero
453 1406 459 1439 :
474 1404 527 1443 noo
541 1389 646 1442 occulto
659 1386 834 1450 beneficium,
849 1399 883 1439 oe
897 1399 929 1439 ex

177 1462 303 1531 nignitate
321 1474 380 1514 tttea
400 1459 498 1528 aliquid
517 1458 644 1511 atuittatis
661 1474 667 1509 :
684 1470 737 1509 nan
752 1471 819 1525 nego
830 1456 929 1509 dunum

143 1541 279 1596 restrutu;
294 1544 356 1601 statu
367 1529 401 1583 ad
414 1529 615 1582 retributionem
630 1526 738 1581 lestiuo.
753 1526 863 1589 Venite,
882 1539 931 1578 ros

142 1616 232 1666 semen
245 1598 636 1663 miserationumexhibuistis;
652 1612 701 1665 ego
716 1610 829 1650 messem
842 1594 931 1665 gaudii

142 1671 215 1725 tobis
228 1670 385 1741 purpurari.
400 1669 446 1722 llic
459 1684 509 1734 ttua
523 1668 557 1721 de
570 1681 662 1729 causa,
679 1667 799 1720 bomine.
813 1666 929 1728 Esuriri,

141 1748 169 1795 et
179 1740 290 1795 dedistis
309 1739 374 1793 mihi
395 1737 565 1793 manducare.
581 1737 664 1791 Nemo
686 1736 765 1806 igitur
786 1751 929 1805 pauperem

140 1811 214 1879 quasi
231 1811 335 1880 inopem
350 1809 476 1878 rejiciat:
493 1823 553 1861 nam
568 1807 689 1862 iudicem
707 1806 856 1861 lotnrtuutu
878 1820 928 1857 sas-

140 1880 259 1934 culorum
272 1880 433 1934 esurientem
454 1878 587 1947 rejiceret.
609 1878 760 1931 Debitorem
774 1890 838 1943 erge
854 1874 930 1929 nobis

139 1950 331 2006 constituamus
342 1965 415 2015 eunt,
427 1950 471 2017 qui
490 1949 543 2002 illic
553 1948 720 2017 judicaturus
733 1958 785 2001 est.
800 1945 865 1999 Nam
879 1944 929 2010 Qut

151 2094 230 2101 --—
247 2094 266 2100 m
316 2089 726 2100 --..———-—---·--—-›-n---

597 220 709 279 msam
728 218 816 276 soor
835 182 1085 277 connorroaus
1106 220 1281 279 ttnotuou.

729 2085 999 2097 oau-t--u--o-——n-

1719 229 1772 285 rat

983 340 1115 393 irritaretur
1136 341 1271 408 praepa-is,
1290 338 1373 407 iuquit
1384 378 1389 397 ,
1401 337 1541 417 serenatur
1555 337 1609 391 Dee
1622 336 1711 410 qrroo.
1727 344 1771 401 lli,
1830 352 1837 364 “

984 407 1040 479 l'l).
1058 410 1217 464 Studeamus
1231 408 1325 477 dignos
1339 406 1409 460 alliot
1427 406 1472 475 qui
1484 420 1498 459 a
1510 406 1612 461 dextris
1625 411 1774 466 cettstittm-

984 493 1053 544 tour,
1069 480 1129 532 edio
1141 479 1287 548 ltalteantus
1308 476 1497 531 exsecrandam
1518 476 1654 532 laudet-um
1672 494 1773 550 cogna-

985 548 1103 607 tionem,
1124 564 1252 617 agnorum
1276 547 1429 601 serietatem
1454 560 1627 616 assequamur
1642 566 1649 601 :
1667 564 1727 603 natu
1745 552 1772 606 iu

986 626 1116 686 potestate
1137 627 1225 671 nestra
1247 626 1289 673 est
1310 617 1448 669 tueliorem
1468 626 1567 671 sortem
1587 618 1694 687 eligere.
1711 620 1774 677 ldee

984 703 1098 755 namque
1111 688 1186 742 nobis
1199 686 1283 742 ludex
1299 686 1513 756 prasigttihcarit
1527 686 1692 743 horninieunt
1707 689 1773 746 illud

984 769 1010 812 et
1024 759 1141 813 terribile
1157 758 1288 823 trilutnal,
1307 772 1410 811 uccnen
1431 756 1571 811 sententie
1584 759 1772 823 severitatem.

985 836 1013 882 ut
1029 827 1127 893 edocti,
1142 844 1157 881 a
1172 828 1243 883 tnalo
1255 838 1280 882 et
1293 842 1307 881 a
1321 826 1528 882 cenuninatione
1542 827 1718 885 declinemus.
1734 831 1774 886 Ne

985 898 1236 969 praetergrediamur
1248 897 1323 952 Pauli
1344 906 1503 967 praereptum
1517 916 1523 950 :
1539 898 1656 965 Qttestua
1668 917 1774 973 aragona

984 976 1020 1020 rat
1035 969 1114 1035 pietus
1127 969 1168 1039 (l.
1184 966 1250 1021 rios.
1267 966 1292 1022 6.
1310 967 1353 1037 u).
1374 966 1431 1020 Non
1447 967 1586 1037 subjicitur
1601 969 1698 1024 rationi
1710 971 1773 1025 retl-
1820 994 1823 1001 ¹

984 1037 1078 1093 dandae
1090 1038 1127 1109 (in
1140 1046 1259 1107 tempere
1271 1046 1358 1092 atatem
1372 1037 1457 1107 cogita
1467 1037 1568 1093 iudicis
1578 1040 1773 1112 serenitateml:

985 1122 1036 1161 non
1058 1108 1130 1163 tintet
1151 1108 1294 1162 clamarent
1314 1108 1465 1162 accusantis
1483 1119 1545 1162 ante
1559 1110 1682 1165 lltrontttu
1698 1127 1705 1164 :
1721 1126 1773 1167 ttott

984 1188 1121 1247 exspectat
1133 1178 1340 1237 damnationem,
1352 1176 1399 1231 sed
1421 1178 1640 1235 consolationem.
1662 1180 1720 1235 Nou
1733 1192 1776 1237 est

984 1250 1057 1303 enirn
1071 1250 1186 1319 indigus.
1211 1248 1319 1302 Frueris
1335 1247 1422 1301 bottis.
1440 1248 1543 1302 llivititu
1557 1250 1657 1305 aulerri
1672 1266 1774 1319 neque·

983 1328 1042 1385 unt,
1054 1319 1328 1374 ltouersoceessorem
1340 1317 1489 1384 nonhabet,
1503 1318 1605 1374 lucrum
1617 1333 1670 1376 nou
1679 1336 1775 1377 recen·
1803 1350 1809 1362 ι

983 1389 1065 1449 ditur,
1080 1390 1205 1443 auxilium
1217 1389 1356 1459 procedit,
1368 1390 1451 1455 gratia
1466 1390 1618 1457 comitatur,
1630 1392 1719 1445 cordis
1733 1403 1775 1448 rst

983 1460 1097 1523 curatio,
1114 1459 1209 1513 auitua·
1222 1459 1375 1522 exsultatio,
1389 1458 1560 1513 eottseiuatiae
1575 1461 1710 1527 gaudium.
1725 1462 1775 1517 de·

984 1529 1069 1597 lettsio
1085 1529 1185 1594 facilis,
1200 1528 1305 1583 occasio
1326 1528 1439 1583 lidueiae.
1460 1528 1547 1583 Pieres
1560 1532 1593 1582 od
1607 1532 1692 1587 etttnie
1706 1533 1776 1589 attilia

982 1609 1018 1653 eal
1032 1602 1070 1669 (i.
1087 1598 1153 1654 Titn.
1169 1600 1196 1655 d·
1213 1598 1240 1668 8)
1251 1614 1258 1663 ;
1271 1599 1463 1669 promissiones
1478 1600 1578 1654 ltaitetts
1592 1602 1653 1655 vitm
1665 1610 1692 1656 el
1706 1617 1775 1671 prae·

983 1670 1067 1750 scutis
1086 1678 1113 1725 et
1135 1668 1229 1724 litturae
1251 1688 1256 1721 :
1278 1685 1356 1737 qoam
1376 1680 1402 1723 et
1423 1684 1471 1723 nes
1489 1670 1617 1739 consequi
1636 1672 1776 1742 dignentur

981 1752 1066 1809 graba
1080 1751 1105 1795 ct
1124 1739 1284 1809 benignitate
1301 1738 1404 1795 Dtnnini
1421 1740 1504 1794 nestri
1520 1740 1583 1796 Jesu
1597 1742 1697 1797 Christi
1709 1784 1716 1809 ,
1727 1740 1776 1799 eui
1829 1768 1831 1775 ’

981 1810 1066 1880 gloria
1080 1818 1104 1865 et
1120 1810 1272 1879 irnperiunt,
1291 1820 1398 1868 nuncet
1413 1824 1528 1879 sctnpcr,
1543 1820 1570 1865 rt
1582 1812 1608 1866 in
1621 1814 1716 1867 sternia
1730 1826 1777 1868 sae·

969 1882 1115 1957 culorum.
1130 1884 1224 1935 htucu.

1013 2086 1256 2097 ι-ο-ο-ι--ι-ι--ι-ο-η...
1281 2088 1286 2095 ι
1316 2088 1329 2095 ι.

693 2407 732 2467 ιιι
753 2389 993 2467 oiarrtonsu
1014 2404 1266 2479 saonensem.

174 2559 234 2611 liare
249 2538 413 2611 eradieanda
428 2554 602 2623 fragmentum
615 2551 719 2605 ridelur
729 2564 789 2605 esse
804 2568 810 2601 :
827 2558 929 2604 neeesi

136 2630 207 2697 qttotl
223 2642 348 2681 cnrcntns
362 2626 395 2679 de
410 2623 591 2677 restaurandis
607 2624 638 2675 iis
653 2636 712 2691 qnae
727 2621 927 2676 interciderant.

137 2700 203 2755 llam
218 2699 325 2768 dignum
340 2696 457 2750 tettcbris
471 2709 538 2762 opus
554 2693 686 2761 pubiicum
707 2693 795 2744 lacere
807 2706 842 2745 tte
853 2691 929 2765 cegi-

965 2557 1114 2607 ,nossemus
1130 2548 1257 2617 quidem,
1277 2549 1327 2604 uisi
1346 2551 1418 2618 prior
1433 2550 1550 2607 Sarilins
1570 2518 1706 2611 edidiisei.
1728 2558 1776 2613 Se-

984 2619 1052 2741 rtem
1074 2621 1230 2687 plerumque
1256 2620 1396 2675 obscurant
1421 2622 1463 2676 vel
1488 2623 1603 2677 titutum
1631 2626 1777 2685 dirittaudu

984 2704 1031 2743 rea·
1047 2702 1125 2743 rmus.
1199 2738 1203 2745 .

455 2918 562 2963 miseni
585 2917 816 2961 PRAEDICANTUR
838 2916 893 2970 Qut
910 2913 1064 2960 'vtaultttts
1086 2916 1213 2960 uuatsrl
1235 2915 1461 2961 cenaullrdltr.

793 3043 1111 3099 ——ffl—-q

173 3175 241 3242 Quid
263 3174 338 3228 robis
353 3173 516 3234 aliermont,
537 3164 628 3221 utiseri
642 3170 670 3219 et
690 3162 821 3224 iuleliees,
837 3161 922 3230 pessi·

135 3261 241 3299 tuarum
257 3246 421 3312 rttluptatuut
433 3238 534 3295 duces?
549 3251 602 3305 quo
615 3243 694 3304 pacto
710 3230 828 3302 eliugerc
845 3231 925 3286 sultis

136 3329 233 3370 tuauns
250 3316 295 3369 boi
310 3313 443 3367 virentis?
455 3310 517 3378 quid
539 3307 643 3360 iacietis
655 3303 761 3374 quando
775 3305 816 3366 is,
831 3301 876 3368 qui
892 3302 925 3356 il·

136 3387 190 3439 lattt
205 3385 387 3452 desponsavit,
401 3384 491 3436 reniet
500 3378 646 3446 judicatum
660 3374 733 3428 rinos
746 3383 774 3427 ct
785 3371 925 3427 ntortttos?

133 3472 216 3526 quatu
229 3455 410 3510 defensionem
420 3450 547 3509 arderetis,
559 3447 606 3516 qni
617 3455 669 3500 ertu
680 3443 792 3498 scelesta
803 3443 829 3494 io
842 3456 925 3510 spen-

136 3541 181 3580 sas
191 3526 290 3580 Christi
302 3521 466 3579 admisistis?
477 3517 672 3588 usqueadeone
682 3511 841 3584 despexistis
850 3513 862 3566 l
872 3527 925 3567 nott

135 3595 356 3655 contremuistis,
371 3608 423 3647 non
447 3588 631 3651 formidastis,
659 3599 712 3639 nen
726 3583 925 3638 exltorruistisl

135 3681 191 3719 uon
216 3665 371 3734 pepercistis
395 3659 535 3715 auitnabus
561 3654 677 3712 restris?
696 3653 804 3709 nescitis
824 3652 925 3706 nullam

135 3751 197 3790 esse
218 3737 382 3804 iniquitatem
401 3733 463 3786 huie
476 3729 586 3799 parem?
600 3725 710 3781 nescitis
729 3724 846 3793 virgines
864 3736 924 3777 esse

137 3817 144 3859 ·.
182 3805 266 3874 *rhum
277 3805 341 3859 [leil
354 3802 518 3873 ignoratisne
531 3797 660 3868 Spiritum
671 3793 718 3848 bei
732 3794 759 3848 in
773 3795 837 3862 ipsis
853 3791 925 3846 habi-

135 3886 195 3932 tare
206 3876 219 3930 i
232 3892 293 3945 quae
305 3872 423 3945 quotidie
435 3885 496 3924 cum
510 3868 618 3924 Cltristo
627 3865 662 3920 de
676 3861 888 3918 indellcientibns
898 3870 925 3916 et

136 3947 308 4000 mauendbus
320 3942 453 3999 insaecula
469 3938 631 4008 nuptialibus
641 3933 795 4003 pigneribus
808 3933 924 4001 loquun-

135 4027 190 4080 tur,
206 4025 233 4071 et
245 4030 310 4084 quas
323 4015 420 4069 Paulam
433 4011 645 4080 uirginescastas
660 4003 788 4059 exitibere
810 4018 839 4056 se
849 4001 926 4056 Chri·

132 4096 180 4142 ste
189 4085 344 4145 declararit,
356 4098 404 4138 ros
417 4084 442 4137 iu
459 4082 513 4134 luto
523 4087 549 4132 et
565 4077 663 4132 loetore
675 4072 833 4128 toletanis?
846 4072 922 4135 ileu,

133 4153 271 4226 quomode
294 4155 350 4208 ausi
377 4153 442 4208 estis
462 4151 580 4219 virgines
599 4144 699 4201 Christi
728 4157 923 4224 corrumpere,

131 4227 260 4295 possitue
275 4222 498 4292 concupiscentiae
510 4216 654 4272 auctorest
667 4215 696 4268 Si
710 4227 770 4281 qots
781 4226 842 4266 cum
856 4227 923 4291 eoo-

132 4313 214 4351 serra
237 4294 325 4365 puella
343 4292 451 4348 misceri
472 4290 560 4352 ausit,
581 4300 634 4341 non
655 4283 763 4351 impone
784 4289 846 4336 est:
863 4295 924 4334 cunt

131 4377 226 4422 aetem
236 4364 335 4420 Gltristi
354 4375 469 4433 sponsas
480 4370 573 4413 contra
589 4369 667 4409 suunt
682 4360 854 4419 uestrumque
868 4349 924 4407 lle·

132 4439 238 4491 minum
247 4434 367 4498 armatis,
382 4446 447 4485 num
457 4443 506 4484 ros
516 4421 925 4490 ultionemeliugerepossespe-

131 4505 222 4561 ratis?
236 4518 288 4557 neu
310 4501 422 4556 audistis
444 4497 593 4568 apostolom
614 4494 768 4556 dicentem,
792 4489 924 4544 iudicium

130 4576 191 4630 siue
201 4571 373 4628 udamicerdio
382 4569 433 4634 illi,
446 4568 489 4637 qui
502 4581 554 4620 aen
567 4565 628 4634 lecit
639 4561 839 4616 odsmcordtum
851 4559 922 4626 (loe.

130 4647 162 4700 Ξ.
178 4645 244 4711 leli
258 4641 360 4712 Ecquid
380 4640 430 4694 hac
448 4653 479 4692 re
493 4633 676 4690 misericordia
698 4631 753 4686 indi
772 4630 853 4686 nius?
871 4643 924 4684 nuo

131 4715 235 4786 quippe
248 4713 336 4784 gladie
354 4708 442 4780 caedes
464 4707 532 4761 duas
551 4703 729 4775 perpetratis,
750 4646 814 4755 ium
828 4712 856 4755 et
876 4715 923 4754 ros

131 4788 210 4856 ipsos
225 4795 251 4839 et
264 4783 324 4837 illas
340 4778 488 4835 interlicitis
502 4793 509 4831 :
524 4775 590 4831 illud
603 4775 702 4844 quippe
715 4787 789 4826 mors
798 4782 841 4825 est
852 4771 923 4838 apud

131 4855 242 4924 eosqui
257 4861 330 4908 recte
345 4852 474 4905 sentiunt.
487 4846 521 4912 0,
536 4845 596 4916 quis
609 4859 662 4900 non
673 4840 850 4912 ingemiscat?
864 4843 924 4910 quis

130 4939 189 4980 nen
205 4922 314 4993 lugeat?
327 4922 386 4991 quis
399 4934 452 4974 uon
462 4918 569 4987 plangat
580 4923 609 4969 et
626 4915 789 4968 lamentetur
799 4912 923 4968 inumata·

130 5011 194 5050 ratu
207 4992 329 5048 caedem?
344 4991 403 5060 quis
421 5004 474 5043 non
489 4986 553 5041 lleat
563 4986 640 5040 ineas
659 4982 924 5038 ectammmortem?

130 5066 197 5136 quis
210 5079 262 5118 nen
277 5061 366 5116 doleat
379 5060 413 5114 de
426 5060 515 5127 iniqua
533 5053 634 5126 plaga?
671 5053 770 5123 optialc
783 5052 877 5121 pignus
896 5063 924 5105 et

130 5136 267 5203 scriptum
280 5130 350 5202 apud
368 5129 516 5198 legitimum
528 5127 573 5196 qui
587 5124 660 5179 illam
679 5123 861 5190 itieorropmm
874 5120 924 5175 du·

129 5205 174 5260 xit
185 5204 281 5266 virum,
293 5201 426 5257 calestem
441 5193 717 5266 spousnm‘sshristum
730 5199 881 5256 serrantur,
895 5200 924 5245 ct

129 5274 275 5344 uirginitas
287 5269 407 5342 proditur
421 5265 548 5323 moeeboi
563 5263 618 5320 Sed
630 5262 701 5318 dicet
712 5263 843 5332 quaepiam
855 5279 862 5312 ι
879 5261 921 5314 Ex

129 5343 298 5402 necessitate
311 5339 420 5395 Christe
431 5336 573 5406 coniuncta
585 5347 664 5398 sum;
678 5348 732 5387 non
744 5339 803 5386 erat
815 5331 841 5385 iu
856 5345 921 5402 pro·

129 5415 224 5486 posito
240 5427 300 5467 mee
314 5410 364 5480 ipsi
384 5408 499 5472 nabere,
515 5404 562 5460 sed
574 5417 714 5459 conservo.
727 5400 799 5456 ausa
810 5415 858 5466 es,
873 5402 923 5455 mi-

129 5492 317 5548 serotenus
339 5489 366 5534 te
387 5479 472 5548 ipsam
491 5473 687 5532 sermocinari?
700 5486 762 5526 cum
775 5471 846 5525 enim
867 5488 920 5526 nott

130 5552 283 5608 uoluntatis
296 5550 431 5621 prtmosito
440 5560 503 5627 erga
515 5545 655 5599 bominum
669 5539 764 5598 allecta
775 5555 859 5608 esses,
876 5541 922 5597 ille

128 5635 162 5680 te
172 5623 282 5678 amarit.
294 5620 373 5685 hodi,
383 5633 401 5674 o
411 5617 511 5683 inleltx,
521 5623 550 5670 et
562 5613 730 5684 interrogabo
742 5623 779 5680 te,
788 5621 816 5668 et
825 5614 920 5669 saltent

238 5715 262 5816 h
291 5715 382 5776 ioan.
405 5711 581 5772 Cnossosu.
604 5706 661 5768 lx.

978 3177 1013 3215 ea
1029 3160 1109 3215 rebus
1120 3160 1199 3230 hujus
1208 3158 1298 3215 saculi
1312 3159 1457 3217 certiorem
1472 3171 1499 3217 te
1514 3160 1619 3218 luciam.
1633 3165 1670 3222 ue
1682 3183 1770 3226 saeu-

978 3232 1080 3286 laribus
1095 3231 1190 3300 loquer
1205 3249 1211 3283 :
1228 3231 1250 3284 si
1264 3229 1333 3284 alius
1348 3231 1407 3286 leco
1419 3231 1528 3288 alterius
1543 3235 1658 3302 puellam
1674 3241 1770 3310 rapiat,

977 3301 1041 3354 dotn
1054 3318 1101 3369 pan
1111 3303 1145 3355 sit
1156 3301 1296 3368 utriusque
1310 3301 1440 3364 conditio,
1452 3313 1545 3372 raptus
1560 3303 1710 3374 hujusmodi
1726 3326 1770 3366 ra·
1865 3353 1870 3376 ,

979 3380 1022 3426 tos
1038 3371 1161 3452 habetur,
1175 3379 1202 3424 et
1216 3372 1298 3440 leges,
1310 3381 1338 3427 et
1352 3387 1398 3426 rea
1415 3374 1501 3442 raptui
1518 3375 1616 3430 latent.
1628 3375 1687 3432 lion
1699 3381 1771 3451 enirn

978 3450 1067 3510 raputt
1079 3452 1108 3495 nt
1122 3441 1311 3497 contumeliam
1327 3441 1448 3509 inlerret,
1464 3443 1511 3498 sed
1526 3453 1554 3499 ut
1569 3444 1713 3504 honoraret
1725 3491 1733 3517 ,
1744 3463 1772 3507 et

978 3512 1107 3591 nuptialia
1122 3513 1232 3582 pignora
1246 3520 1273 3566 et
1285 3511 1355 3566 douo
1364 3511 1462 3567 alierre
1475 3511 1571 3582 potuit.
1586 3515 1614 3570 Si
1626 3534 1690 3586 crgo
1701 3523 1772 3591 apud

978 3581 1101 3638 hommes
1116 3583 1187 3638 nulla
1201 3582 1314 3636 mutatio
1326 3585 1346 3648 *,
1361 3584 1422 3650 quia
1440 3585 1645 3653 praeuenientem
1667 3589 1712 3644 illa
1729 3606 1773 3648 se-

976 3654 1088 3721 quitur:
1104 3652 1167 3722 quid
1181 3652 1357 3720 respondebis
1369 3662 1407 3718 tu,
1424 3664 1591 3723 quaproter
1604 3671 1679 3726 spctn
1690 3675 1705 3713 a
1718 3661 1770 3718 llo-
1795 3708 1799 3718 t

976 3722 1051 3804 mitto
1073 3737 1148 3790 rapta
1171 3721 1270 3778 luisti?
1289 3721 1380 3792 Neque
1399 3723 1470 3778 enim
1495 3727 1681 3783 necessitatem
1697 3729 1769 3789 illato

975 3791 1047 3858 dtco,
1065 3801 1265 3862 propterquam
1286 3807 1346 3846 cont
1370 3794 1481 3847 bomioo
1499 3794 1575 3866 juugi
1593 3797 1699 3868 dignata
1720 3817 1768 3868 cs,

975 3862 1024 3935 sed
1038 3861 1217 3944 oeconomiam
1232 3871 1260 3918 et
1279 3862 1470 3936 benignitatem
1485 3865 1609 3932 uomitum
1633 3879 1660 3923 ut
1674 3885 1707 3924 ex
1720 3887 1769 3928 ne-

976 3934 1110 3990 cessitatis
1123 3935 1212 4002 specie
1231 3941 1258 3987 tu
1274 3933 1381 4003 indigna
1398 3936 1561 3988 connubium
1585 3936 1768 4007 incorruptum

977 4014 1003 4057 te
1017 4019 1181 4072 exsuperans
1194 4004 1349 4058 lucrareris.
1363 4003 1401 4057 Ne
1414 4017 1476 4071 erge
1491 4004 1574 4070 dicas,
1591 4015 1616 4062 te
1628 4023 1662 4062 et
1674 4024 1770 4068 trecas.

975 4073 1056 4128 situle
1078 4074 1257 4142 virginitatem
1279 4073 1392 4141 elegisse
1408 4092 1415 4127 ε
1429 4088 1463 4127 ne
1486 4075 1524 4127 sis
1544 4075 1646 4144 ingrata
1668 4081 1769 4138 calesu

976 4156 1092 4209 spouso,
1108 4143 1153 4212 qui
1168 4151 1194 4196 te
1209 4143 1267 4195 sine
1277 4141 1357 4205 dote,
1371 4142 1415 4196 rili
1428 4158 1527 4212 genere
1541 4155 1647 4208 atatam,
1662 4139 1768 4207 serrato

976 4209 1077 4266 docere
1091 4212 1265 4280 dignatusest
1278 4228 1285 4263 ι
1301 4225 1380 4267 serra
1393 4215 1464 4266 euim
1475 4213 1533 4282 ejus
1548 4229 1592 4280 es,
1608 4217 1675 4272 velis
1687 4220 1766 4276 nolis.

972 4279 1069 4363 ,ltaque
1081 4297 1146 4351 roge
1158 4289 1193 4345 te,
1208 4295 1225 4334 o
1239 4281 1322 4351 tirge,
1335 4291 1365 4336 ot
1378 4281 1528 4351 obsequens
1540 4283 1577 4338 sis
1588 4285 1647 4342 sine
1661 4293 1770 4346 centro-

976 4365 1063 4432 veuta
1076 4359 1104 4406 et
1119 4351 1277 4420 turpissimis
1297 4353 1503 4422 ratiociniis‘Et
1524 4355 1546 4409 si
1571 4357 1690 4414 nendum
1712 4363 1770 4432 spi·
1861 4393 1866 4408 ·

977 4421 1085 4476 rituales
1098 4421 1205 4491 nuptias
1220 4421 1381 4491 repudiasti,
1398 4435 1472 4492 pacta
1494 4423 1607 4482 ltrmitet·
1620 4443 1730 4498 sertes3
1745 4437 1768 4490 si

976 4506 1041 4546 rere
1052 4493 1107 4560 jam
1122 4491 1292 4572 piratarieata
1304 4502 1330 4546 et
1343 4493 1416 4562 lapsa
1430 4509 1470 4560 es,
1483 4499 1573 4566 surge,
1590 4511 1680 4568 surge,
1691 4503 1768 4559 ebse-

975 4575 1033 4616 ero.
1049 4561 1131 4616 adest
1146 4576 1216 4642 emm
1229 4564 1284 4631 jam
1296 4562 1343 4618 tibi
1355 4563 1441 4618 bonos
1452 4566 1533 4622 illeet
1543 4568 1663 4623 clemens
1674 4573 1767 4628 bertii·

976 4646 1043 4694 nus,
1060 4631 1109 4686 abs
1127 4640 1155 4714 te
1173 4632 1348 4714 tnhtuteratus
1366 4649 1437 4688 :nen
1460 4636 1547 4705 rejicit
1561 4639 1768 4698 eetttulternintn

977 4711 1069 4766 tuum,
1084 4716 1190 4770 perrtge
1205 4702 1372 4757 alhmonem.
1384 4703 1449 4770 Quia
1464 4708 1536 4760 ettiut
1551 4709 1661 4774 pritnant
1673 4712 1768 4770 deste-

977 4787 1034 4853 ram
1048 4772 1207 4826 cotttnmelia
1224 4771 1350 4838 allecisti,
1371 4789 1405 4830 ne
1423 4776 1609 4846 huncquoque
1631 4781 1766 4849 repttdies.

976 4841 1033 4895 hou
1048 4842 1155 4922 selueru
1177 4851 1221 4896 tua
1241 4846 1388 4907 cotttemnit
1401 4862 1408 4899 :
1422 4853 1498 4900 satiat
1513 4847 1583 4901 euim
1605 4848 1650 4903 illc
1665 4851 1767 4921 plagam

975 4923 1002 4966 et
1013 4925 1133 4992 corporis
1148 4913 1292 4980 eternitate,
1313 4923 1356 4970 est
1369 4915 1467 4984 quippe
1481 4917 1600 4974 medicus
1616 4917 1765 4992 indulgens.
1804 4975 1806 4978 .

976 4981 1079 5064 hasela
1092 4982 1130 5062 tlh
1150 4983 1273 5038 morbum
1287 4993 1360 5039 touta
1382 4999 1429 5053 per
1443 4985 1660 5056 eettlessionent,
1677 5001 1707 5046 tat
1723 4995 1770 5058 ille

976 5049 1144 5133 tnrtstbtbteg
1157 5052 1275 5133 imponat
1288 5055 1403 5108 salutare
1416 5053 1588 5122 pltarmaentn
1606 5077 1612 5112 :
1629 5075 1680 5115 uon
1696 5067 1769 5121 teuit

975 5136 1047 5176 emm
1061 5135 1158 5202 uocare
1175 5131 1280 5189 rustes,
1297 5122 1344 5176 sed
1357 5135 1510 5190 peccateres
1522 5127 1555 5182 ad
1571 5130 1767 5196 poeuitcutiam.

976 5191 1017 5244 ad
1033 5201 1059 5244 te
1079 5203 1150 5266 rentt
1166 5191 1300 5261 iacentem
1312 5209 1318 5246 :
1330 5207 1410 5262 sorge
1434 5194 1533 5264 igitur,
1550 5198 1614 5254 tolle
1626 5201 1768 5269 grabatum

976 5271 1062 5324 teum,
1073 5268 1100 5314 et
1110 5261 1177 5317 vade
1191 5263 1216 5316 in
1227 5261 1335 5316 domum
1350 5271 1439 5329 tuam,
1454 5265 1540 5338 idest,
1556 5269 1589 5323 ad
1605 5271 1770 5338 paenitentiae

976 5340 1094 5400 portum.
1109 5330 1148 5386 Ne
1163 5333 1230 5386 ultra
1242 5333 1366 5388 attendas
1378 5333 1518 5390 relcarnis
1533 5338 1575 5392 vel
1594 5343 1769 5400 mentisocu·

975 5401 1010 5457 lis
1023 5401 1145 5456 adultere
1159 5401 1208 5468 illi,
1224 5400 1269 5470 qui
1286 5409 1312 5458 te
1327 5403 1354 5456 iu
1365 5403 1515 5473 gehennam
1530 5408 1604 5464 ducit
1617 5419 1644 5464 et
1658 5412 1691 5466 ad
1705 5429 1769 5470 rer-

975 5487 1047 5526 mem
1063 5487 1196 5552 rtuttquaut
1209 5473 1380 5542 morientem.
1395 5473 1482 5540 Tolle,
1496 5477 1592 5549 inquit,
1609 5481 1672 5537 tolle
1685 5483 1747 5540 hinc
1762 5503 1769 5540 :

975 5543 1040 5597 nole
1054 5557 1125 5596 cuttu
1142 5553 1167 5597 te
1184 5541 1283 5611 jacere.
1299 5543 1396 5600 Sciode
1410 5548 1511 5614 peceati
1531 5551 1681 5620 syntboluut
1701 5555 1769 5612 :ab-

975 5614 1048 5682 luere
1057 5613 1193 5683 lacrymis,
1204 5614 1291 5670 nonin
1302 5614 1413 5684 piscina,
1429 5617 1476 5670 sed
1490 5617 1517 5672 iu
1533 5620 1649 5678 ecclesia
1663 5641 1670 5680 a
1683 5636 1771 5696 potest

1322 5709 1587 5792 (Vincet-quotae.)
