4084 6350
124 290 162 349 nt
508 286 513 293 ·
594 266 750 326 nvrzrrsv.
772 250 1166 325 annumerarentur.
1648 240 1702 298 ιιι

123 406 174 463 velit
188 404 261 460 ιιιιιιι
278 398 410 455 dictorum
432 391 688 448 ocmomtrationem
711 383 854 450 racipere,
908 374 935 427 in
949 370 1097 444 olympicis
1116 367 1307 425 certaminibus
1326 366 1377 437 ipsi
1391 364 1575 431 consecratis,
1599 364 1638 419 sie
1652 364 1697 433 qui

121 500 186 570 ipsum
197 495 307 549 niueum
321 490 453 557 interrant
466 524 474 549 ,
487 479 595 553 quando
604 480 688 547 magis
701 474 791 531 doleat
801 512 810 538 ,
820 486 856 525 an
908 464 1045 521 decertant
1057 460 1282 517 ornnes'rincunt.
1294 460 1331 513 At
1342 472 1394 511 non
1409 457 1435 511 in
1449 454 1547 511 Gbristi
1566 454 1653 509 stadie
1665 469 1698 509 en

119 605 167 647 ean
177 578 250 643 amens
260 580 445 640 contumeliam
458 575 575 631 vicissim
590 568 733 642 rependis,
747 582 782 621 an
794 579 856 619 cum
908 567 950 613 est
962 569 1122 612 cumbarum
1137 553 1191 620 lex,
1207 550 1254 607 sed
1268 549 1519 607 eontrariaomninn
1534 566 1542 607 a
1555 548 1612 618 lege
1625 547 1698 603 euim

119 682 268 742 conviciantem
278 670 405 730 derides:
422 679 501 739 atque
519 666 570 721 boe
588 673 752 735 prostremam
772 655 857 725 nraqis
908 656 1037 703 statatum
1051 655 1093 701 est
1106 660 1168 701 enm
1181 645 1227 716 qui
1243 642 1408 714 percutitur,
1429 654 1481 695 non
1495 656 1554 694 earn
1569 640 1614 711 qui
1635 654 1699 709 per-

119 764 358 839 rudimlieqneenim
368 745 857 830 untumplaoetipsi,quodvicissim
908 738 992 802 outit,
1014 736 1196 817 coronandum
1216 750 1286 791 esse.
1305 734 1371 790 Tale
1392 732 1522 803 siqnidem
1542 732 1625 799 ipsivvs
1643 740 1700 787 sta·

117 864 257 920 mandarun
268 871 382 929 reponas
413 863 541 925 quantum
552 849 688 905 mordetur
700 886 708 911 ,
720 841 791 914 quod
804 855 856 895 non
909 830 983 885 diurn
1002 830 1091 885 onvviia
1106 830 1269 884 econtrario
1281 825 1424 883 constituta
1438 823 1537 887 babet:
1554 824 1589 877 ita
1604 832 1633 878 ut
1643 838 1697 879 non

117 956 182 1029 mun
192 964 213 1010 ω
222 897 399 1007 moveres
409 946 469 1001 Non
483 943 559 999 ,Mes
572 941 664 995 surm
677 936 793 1007 percipo,
807 932 857 987 [ω.
910 937 944 978 ex
954 920 1065 977 victoria
1079 929 1180 974 tanturn
1193 961 1200 984 ,
1215 919 1261 974 sed
1276 932 1310 973 ex
1323 915 1443 971 victoriae
1456 914 1550 978 ruodo,
1565 914 1651 985 majus
1663 916 1701 971 sit

116 1048 184 1101 mines
209 1042 245 1115 qui
260 1042 347 1113 plagas
365 1046 488 1105 ,coms
506 1049 558 1087 „on
581 1030 692 1085 „mptum
711 1032 857 1088 curantes,
911 1012 1079 1067 miraculum.
1099 1009 1212 1076 Quando
1230 1009 1300 1065 enim
1316 1023 1368 1075 ea,
1394 1022 1454 1076 epure
1467 1005 1529 1060 alibi
1543 1005 1633 1060 clades
1648 1005 1700 1061 ba-

115 1086 197 1205 inpetn
210 1099 289 1204 magno
308 1132 453 1185 irruuntet
471 1126 531 1195 plns
552 1136 633 1193 quam
655 1133 718 1175 sues
740 1124 860 1187 agrestes
912 1104 1023 1166 beatur,
1036 1102 1174 1157 victoriam
1189 1100 1233 1155 lnc
1248 1102 1352 1170 pariunt
1368 1098 1436 1152 :boc
1449 1098 1493 1151 Dei
1510 1096 1700 1166 putentia,lroc

116 1225 207 1298 proximi
218 1224 313 1279 mmm
336 1227 481 1290 quarum,
496 1223 577 1284 „quq
589 1212 623 1266 ,d
637 1210 689 1267 1¹00
709 1224 792 1266 „qum
814 1222 859 1261 η.
912 1194 970 1250 caeli
983 1192 1119 1259 stadium,
1136 1192 1188 1247 lroc
1199 1190 1354 1262 avrqeiorum
1365 1189 1508 1245 theatrum.
1594 1248 1598 1258 ¹

115 1317 216 1386 spiciunt,
228 1313 320 1382 ltdcqtte
331 1309 414 1379 tnagis
426 1314 533 1371 curatii,
545 1319 626 1374 quam
637 1308 749 1359 caveant
761 1314 796 1354 ne
808 1296 860 1351 sibi
948 1300 1058 1375 Injun'oe
1070 1304 1193 1374 patienter
1205 1301 1325 1374 [erendoe.
1335 1330 1372 1343 -
1381 1300 1444 1355 Scio
1456 1313 1503 1353 vos
1510 1298 1565 1369 jam
1574 1312 1704 1353 accenso}

112 1408 191 1462 vulnus
202 1403 335 1460 inieratur'l
348 1396 461 1468 Quando
473 1399 554 1470 igitur
563 1396 638 1451 illurn
657 1409 690 1449 ea
708 1408 739 1448 re
751 1392 858 1461 privas,
913 1410 992 1466 esse,
1005 1404 1033 1450 et
1047 1409 1108 1449 cera
1123 1393 1259 1449 molliores
1271 1406 1331 1449 esse
1346 1392 1447 1458 iactos;
1462 1392 1584 1447 sedeam
1598 1391 1700 1447 disces·

110 1517 175 1571 qnam
194 1500 421 1569 presumampere
441 1492 532 1563 eupit,
555 1489 627 1545 omni
646 1486 702 1557 iam
722 1493 813 1556 aptata
832 1498 862 1538 re
881 1534 892 1549 ,
914 1488 1020 1554 mritis,
1035 1487 1124 1541 omnia
1138 1486 1289 1541 effundetis.
1312 1483 1375 1539 ldeo
1387 1484 1483 1549 doleo,
1498 1483 1569 1555 quud
1583 1484 1654 1540 dieta
1668 1484 1703 1539 ad

111 1591 201 1661 privasti
211 1633 218 1656 ,
227 1587 356 1660 dejecisti,
369 1591 523 1653 contemptu
537 1581 647 1651 diganum
660 1576 819 1639 ostendisti,
835 1586 862 1629 et
887 1649 890 1655 Ι
914 1594 982 1647 opus
996 1592 1048 1633 non
1060 1576 1244 1642 adlaibeannrs,
1256 1591 1316 1630 cum
1327 1585 1415 1631 tamen
1427 1574 1489 1629 inde
1502 1576 1617 1629 maxima
1629 1576 1703 1631 lucra

110 1681 226 1753 puerulum
238 1680 314 1749 rmqis
328 1692 407 1748 quam
420 1677 506 1731 virum
520 1692 528 1729 ι
544 1683 571 1728 et
590 1682 617 1727 tu
637 1669 787 1750 pbilssnplri
808 1669 863 1723 mvl·
915 1670 1076 1739 reportaturi
1091 1670 1187 1724 simus.
1208 1668 1274 1723 Nam
1297 1668 1320 1723 si
1342 1666 1572 1725 mansuetudinem
1596 1666 1707 1723 exbibe-

109 1775 183 1827 culum
194 1771 291 1840 adeptus
301 1783 348 1833 es,
363 1768 401 1822 illi
414 1781 477 1821 vero
489 1765 567 1820 malae
580 1763 674 1818 bestiae
687 1761 784 1815 laruam
798 1776 865 1815 eurr·
916 1776 995 1827 arvus,
1016 1762 1213 1831 insuperabiles
1227 1761 1328 1817 erimus
1342 1760 1487 1825 omnibns,
1503 1774 1636 1829 nemoque
1648 1758 1707 1813 sire

108 1865 198 1919 ciliasti.
210 1861 265 1917 lllud
277 1868 375 1915 etcum
389 1857 579 1921 verberamur,
596 1851 724 1909 iaciamus
739 1871 744 1904 :
760 1852 782 1905 si
804 1865 866 1904 ver·
917 1868 1015 1922 parvus
1027 1855 1084 1909 sive
1092 1866 1202 1924 magnus
1213 1852 1289 1907 nobis
1299 1853 1342 1907 vel
1354 1851 1486 1907 tantillum
1496 1865 1594 1905 nocere
1606 1860 1707 1920 posset.

107 1956 188 2009 berare
206 1953 326 2016 relicuus,
347 1966 381 2004 ne
404 1947 521 2003 vicissim
539 1946 721 2001 verberemus.
748 1942 801 1998 Sed
827 1942 866 1995 vis
917 1944 980 1999 Sive
991 1945 1062 1999 enim
1076 1944 1135 2013 quis
1148 1942 1317 1998 maledixerit
1332 1941 1389 2007 tibi,
1406 1952 1433 1997 te
1445 1941 1491 1997 ille
1505 1940 1581 2007 nilril,
1595 1955 1625 1996 se
1638 1955 1704 1995 vero
1789 1963 1791 1967 ·

108 2045 198 2098 letalem
211 2041 299 2098 inferre
315 2039 439 2111 plagam?
457 2038 537 2093 Verte
549 2037 586 2091 illi
606 2037 718 2090 alteram
729 2034 865 2089 maxillam
914 2037 1030 2097 rrrultum
1057 2036 1177 2090 laeserit:
1202 2036 1224 2089 si
1250 2035 1296 2089 tibi
1320 2034 1443 2104 injuriam
1465 2034 1568 2101 lecerit,
1581 2034 1707 2089 damnum

106 2148 129 2189 et
146 2137 209 2191 mille
226 2136 292 2189 iilum
305 2132 462 2187 vulneribus
476 2128 623 2185 confodies.
643 2128 710 2183 llam
731 2127 777 2197 qni
792 2110 885 2195 plan-⁸·
919 2140 1002 2202 penes
1010 2124 1135 2193 injuriam
1149 2124 1306 2180 inserentem
1321 2125 1382 2179 erit.
1394 2124 1452 2179 Non
1465 2125 1540 2180 vides
1551 2128 1577 2179 in
1587 2124 1708 2193 judiciali
1754 2140 1764 2157 ·

104 2229 164 2284 dum
174 2236 196 2283 et
207 2228 345 2290 miratatur,
363 2225 498 2296 graviores
516 2221 554 2275 illi
574 2229 637 2276 svrnt
651 2220 765 2289 quamsi
779 2219 866 2285 ipsum
907 2220 990 2283 >taran
1005 2216 1078 2287 qrrod
1091 2218 1135 2285 qui
1150 2217 1246 2285 injuria
1260 2216 1348 2271 allecti
1364 2226 1441 2281 sunt,
1458 2216 1593 2287 splendidi
1606 2230 1706 2274 etcum

104 2319 234 2387 lapidarent
244 2335 251 2381 ;
263 2327 290 2371 et
301 2326 363 2369 ante
373 2312 436 2369 illos
448 2314 529 2368 etiam
539 2310 703 2366 conscientia
715 2325 777 2365 enrn
791 2309 868 2363 darn·
920 2310 1002 2365 resulta
1022 2309 1117 2364 inducia
1131 2318 1203 2363 stent
1216 2308 1299 2364 libere
1315 2308 1473 2377 loquentes;
1497 2310 1541 2379 qui
1562 2324 1627 2365 vero
1636 2310 1713 2365 laese·

104 2410 183 2472 nabit,
197 2419 220 2463 et
230 2408 353 2462 marianas
364 2413 467 2475 repetet
479 2418 590 2475 poenas,
604 2410 633 2457 et
650 2417 684 2457 ae
703 2401 726 2457 si
746 2409 868 2456 extremm
920 2412 992 2466 ruvvt,
1005 2400 1123 2455 demisso
1133 2400 1232 2469 capite,
1244 2415 1305 2454 cum
1318 2398 1418 2469 pudure
1432 2410 1459 2455 et
1470 2410 1541 2455 rnetn
1557 2402 1710 2457 versentur?

102 2514 186 2569 passus
198 2508 280 2565 esset,
295 2498 335 2553 sic
346 2498 508 2553 erubescens
519 2494 655 2551 abscedet.
675 2492 704 2549 Si
724 2506 788 2545 vero
808 2490 869 2560 glu-
890 2522 895 2553 ι
914 2492 956 2547 iEt
973 2493 1037 2564 quid
1058 2492 1118 2549 dico
1138 2495 1337 2548 accusationem
1353 2502 1381 2547 et
1405 2490 1577 2563 injustitiam?
1602 2494 1713 2549 Etiamsi

102 2594 161 2646 riavn
174 2592 237 2662 apud
250 2591 346 2645 multos
358 2591 456 2660 queris
468 2631 475 2655 ‚
486 2588 536 2643 bac
546 2601 650 2657 qnoque
664 2586 749 2654 magis
763 2582 869 2637 iruevis.
894 2616 896 2619 v
921 2586 1038 2657 gladium
1054 2586 1177 2641 inimrcus
1190 2594 1282 2640 contra
1299 2595 1324 2640 te
1339 2589 1457 2649 acuerit,
1478 2585 1670 2656 dexteramque
1685 2587 1712 2640 in

100 2683 162 2738 Nam
174 2694 198 2737 et
209 2684 319 2753 alioquin
334 2696 396 2753 erga
410 2682 487 2746 illos,
510 2680 556 2749 qui
570 2678 640 2733 male
654 2678 805 2747 patiuntur,
821 2675 872 2729 ali·
923 2688 1015 2751 guttur
1032 2679 1213 2743 immerserit,
1234 2688 1261 2733 te
1280 2678 1387 2749 quidem
1403 2679 1469 2733 nihil
1493 2679 1583 2743 lesit,
1605 2694 1718 2749 seseque

98 2792 146 2844 qam
159 2754 288 2830 animemur
301 2774 552 2829 commiseratione:
575 2781 604 2826 et
622 2769 730 2842 quando
751 2768 873 2824 videmus
923 2771 1064 2844 jugulavit.
1084 2770 1208 2825 Sermoni
1223 2768 1302 2825 fldem
1317 2769 1407 2825 lacere
1422 2770 1507 2840 possit
1521 2770 1599 2840 isqui
1615 2770 1718 2841 primus

64 2868 156 2921 'illivs
168 2882 224 2921 sese
236 2880 285 2919 vion
301 2862 537 2927 ulciscentes,sed
550 2862 618 2917 adeo
631 2870 728 2931 sponte
744 2875 774 2915 se
789 2874 873 2930 expo*
926 2866 966 2921 sic
977 2863 1135 2920 interiectus
1147 2873 1189 2917 est
1205 2862 1321 2917 iraterna
1335 2878 1426 2917 manrr.
1448 2862 1492 2918 llle
1506 2862 1578 2917 enim
1592 2864 1625 2918 ad
1646 2873 1719 2918 tran·
1766 2848 1779 2875 ‘

98 2970 207 3024 vientes,
229 2974 279 3012 non
293 2957 373 3011 rrrodo
386 2955 637 3019 cominiscrationc,
658 2952 706 3009 sed
723 2954 803 3007 etiam
824 2952 873 3007 ad·
928 2956 1038 3027 quillum
1051 2965 1158 3027 portum
1173 2955 1257 3023 abiit,
1275 2955 1454 3009 immortalem
1468 2956 1580 3025 adeptus
1592 2955 1715 3027 gloriam,
1767 2988 1769 2995 ›

96 3052 232 3105 miratione
245 3050 340 3121 dignus
352 3048 491 3105 habemns.
928 3049 997 3105 alter
1010 3064 1075 3103 vero
1089 3048 1142 3103 vita
1155 3048 1248 3118 quavis
1263 3056 1349 3104 morte
1361 3047 1502 3104 miseriore
1513 3048 1579 3103 vixit
1590 3090 1597 3113 ,
1610 3064 1721 3119 gemens
1822 3050 1825 3055 “

129 3145 153 3198 l.
166 3143 226 3198 ideo
236 3143 289 3212 iarn
300 3156 350 3214 ego
359 3156 427 3213 pene
437 3140 591 3212 ingemisce,
602 3139 673 3210 equod
679 3139 724 3211 qui
737 3152 877 3210 possemus
930 3158 962 3199 ac
975 3154 1111 3208 tremens,
1124 3151 1152 3198 et
1165 3142 1191 3197 in
1204 3156 1318 3212 corpore
1330 3142 1529 3203 accusationem
1543 3142 1657 3198 sceleris
1669 3140 1722 3198 eir·
1792 3189 1793 3192 ,

93 3247 118 3290 ct
133 3236 305 3306 presentibus
324 3236 420 3307 potiri,
436 3235 459 3290 si
470 3235 567 3292 Christi
583 3235 656 3306 leges
670 3243 699 3288 ut
711 3249 759 3304 par
771 3242 814 3290 est
827 3249 876 3287 au·
931 3237 1093 3293 camierens.
1113 3236 1151 3292 Ne
1166 3237 1255 3307 itaque
1267 3236 1319 3291 hoe
1335 3277 1343 3302 ,
1363 3235 1410 3290 sed
1431 3236 1494 3290 illud
1514 3251 1721 3306 persequamur.

91 3330 220 3394 diremus,
234 3337 261 3382 et
274 3328 358 3382 lutura
371 3327 452 3383 etiam
466 3327 611 3396 consequi;
626 3327 660 3380 ab
673 3327 793 3394 utrisque
805 3325 879 3378 cxci·
931 3330 982 3398 Qui
996 3330 1067 3386 enirn
1081 3330 1150 3384 male
1166 3330 1274 3398 patitur,
1290 3343 1342 3383 non
1359 3329 1439 3382 lnbet
1454 3343 1565 3383 manens
1580 3331 1604 3383 in
1619 3344 1649 3383 se
1664 3344 1721 3384 ma·

90 3423 200 3486 dimus,
226 3421 304 3475 dictis
319 3417 371 3474 ban
388 3422 585 3490 obsequentes,
610 3419 740 3474 inutiliter
762 3419 879 3488 plvilnso·
934 3421 1006 3484 lum:
1021 3435 1109 3490 aveque
1123 3421 1194 3476 enim
1215 3420 1273 3490 ipse
1288 3421 1386 3474 malum
1406 3420 1528 3490 peperit,
1550 3420 1597 3475 sed
1619 3419 1726 3475 aliunde

89 3514 216 3583 plantes.
234 3512 302 3570 Nam
323 3512 424 3566 utiliter
448 3512 495 3564 bas
514 3525 608 3565 ornares
629 3513 702 3580 leges
722 3494 879 3576 covrst'itnit,
934 3515 998 3570 illud
1012 3515 1131 3584 accepit,
1145 3523 1171 3569 et
1184 3527 1232 3584 per
1242 3513 1395 3583 patientiam
1411 3512 1508 3568 bonnm
1523 3511 1639 3567 reddidit
1653 3529 1661 3565 ι
1677 3513 1723 3582 qni

87 3604 263 3676 ‹vstervditqne
277 3601 340 3674 quid
353 3601 483 3672 gloriosos
498 3599 638 3665 redderet,
661 3601 724 3672 quid
747 3613 837 3672 turpes
853 3611 881 3658 et
934 3616 1024 3662 autem
1038 3606 1136 3659 malum
1150 3603 1257 3670 intulit,
1283 3604 1352 3658 inse
1369 3604 1474 3674 plagam
1494 3603 1619 3672 neqmtire
1633 3601 1724 3659 babet.

86 3697 231 3767 rvrglurios.
251 3693 410 3764 nequeam
423 3693 468 3747 ille
483 3694 672 3762 praecepisset,
687 3695 710 3748 si
726 3693 788 3749 irinc
799 3695 881 3749 disei-
936 3700 1031 3752 Annon
1044 3694 1145 3764 loseph
1160 3695 1186 3748 in
1200 3707 1308 3748 carcere
1320 3704 1397 3759 erat,
1419 3693 1569 3749 insidiatrix
1584 3710 1649 3749 vcro
1666 3695 1726 3764 ejus

86 3790 170 3858 parles
191 3802 258 3842 suos
274 3785 401 3842 ridiculos
421 3783 539 3838 iacturas
560 3783 672 3850 tuisset;
695 3785 743 3840 sed
757 3786 818 3855 quia
832 3787 883 3841 boc
937 3789 1056 3844 adultera
1080 3789 1106 3842 in
1131 3787 1233 3843 cedibus
1249 3786 1396 3854 splendidis
1411 3797 1438 3842 et
1453 3787 1621 3843 illustribus?
1643 3787 1728 3856 viern

85 3879 152 3933 illes
167 3879 290 3932 uranium
306 3875 536 3947 splendidissimos
549 3875 648 3940 reddit,
663 3877 733 3947 quod
746 3893 801 3932 non
816 3877 884 3933 male
938 3883 1032 3938 malles
1049 3890 1075 3937 te
1092 3879 1171 3936 esse?
1195 3879 1313 3935 Necdum
1329 3887 1417 3934 tamen
1438 3879 1587 3934 mercedem
1610 3879 1729 3940 dixeris,

84 3971 198 4035 dicant,
215 3985 280 4023 cum
291 3971 360 4025 male
372 3969 500 4033 audiunt;
523 3967 594 4039 quod
608 3984 661 4022 non
681 3970 751 4025 nvale
765 3969 882 4038 iaciant,
938 3975 986 4030 sed
998 3974 1056 4044 ipsa
1078 3973 1203 4042 utrinqne
1218 3973 1284 4025 iacta
1306 3985 1356 4041 per
1379 3985 1408 4026 se
1432 3969 1566 4040 perpende
1583 3987 1591 4023 ι
1607 3970 1646 4024 sic
1658 3970 1730 4024 enirn

82 4074 151 4112 cum
177 4060 252 4113 male
267 4061 400 4128 patiuntur
427 4077 434 4115 ι
458 4059 518 4115 idea
542 4061 600 4115 baec
621 4062 756 4131 precepit
781 4062 810 4117 st
833 4061 885 4118 lroc
939 4065 1019 4135 lonqe
1032 4062 1303 4132 preteresearceren
1316 4057 1616 4127 ervmioseplvoacdibus
1629 4058 1691 4124 illis,
1706 4058 1731 4110 in

80 4159 204 4214 nutem,
221 4149 621 4221 rnrvltonvagixgloriosumerit
635 4152 887 4217 benediceremus
940 4156 1017 4225 queis
1044 4162 1162 4208 scortum
1196 4160 1263 4205 erat.
1296 4149 1363 4204 Nam
1391 4149 1414 4204 si
1447 4149 1584 4218 utriusque
1616 4149 1731 4202 animaru

76 4239 159 4294 rnale
181 4238 320 4303 andiunt;
339 4238 465 4306 laudare,
488 4256 548 4296 cum
563 4240 692 4295 eorvviciis
705 4241 886 4310 impetentem
942 4245 1060 4306 rideris,
1081 4243 1149 4298 bano
1161 4242 1189 4296 in
1202 4239 1342 4296 latitudine
1354 4249 1382 4295 et
1396 4239 1490 4294 dducia
1505 4241 1587 4295 multa
1607 4241 1731 4307 videbis;

74 4329 288 4386 insidiantibus
314 4331 442 4387 beneficia
465 4343 601 4403 prestare.
622 4333 685 4388 ldeo
716 4333 796 4404 iqitur
821 4333 890 4390 banc
945 4335 1280 4410 AEqyptiteveroanimam
1294 4335 1319 4387 in
1334 4332 1466 4405 angrvstia,
1481 4332 1591 4402 pvmore,
1606 4349 1732 4398 moerore,

70 4437 200 4490 quoque
226 4421 320 4490 legem
345 4420 413 4478 tulit.
441 4423 583 4494 Discipulis
607 4428 679 4480 enim
702 4425 759 4478 suis
785 4425 888 4494 parcit,
947 4429 1225 4499 tumultu,multaque
1244 4427 1359 4482 tristitia.
1380 4427 1545 4498 Quamquam
1566 4427 1610 4482 illa
1627 4430 1736 4489 virmero

67 4513 196 4582 scitque
212 4515 305 4584 probe
321 4515 384 4583 quid
398 4523 444 4569 aut
458 4529 568 4584 parvam
587 4525 634 4568 ant
656 4530 779 4585 magnum
799 4516 889 4574 iaciat.
947 4521 1072 4577 ridetur:
1086 4531 1114 4576 at
1127 4535 1181 4576 non
1192 4529 1250 4576 erat
1261 4519 1448 4575 becvictoria.
1462 4521 1523 4576 llaec
1535 4536 1594 4576 enm
1608 4523 1733 4590 sciamur,

65 4602 106 4656 si
123 4617 201 4672 ergo
216 4612 250 4658 et
267 4604 353 4673 parcit
366 4612 393 4658 et
413 4603 482 4659 bene
502 4605 593 4666 novit,
616 4619 664 4660 cur
679 4619 741 4659 curn
765 4607 812 4662 ilio
825 4623 891 4662 cen·
947 4613 981 4667 ad
996 4613 1064 4666 mala
1080 4612 1203 4681 patienda
1214 4627 1264 4666 nns
1275 4625 1464 4681 praeparemus,
1476 4621 1504 4666 ut
1515 4627 1530 4666 a
1540 4612 1617 4666 rnalis
1628 4613 1735 4667 tandem

66 4693 199 4761 tendis,
221 4707 292 4749 conv
315 4693 427 4749 alteram
441 4694 509 4748 viam
528 4695 569 4750 vis
590 4694 679 4750 iniret
701 4695 767 4751 llam
786 4699 894 4756 vincere
948 4703 1102 4768 liberemur,
1120 4711 1148 4758 et
1162 4703 1248 4757 lutura
1263 4717 1458 4772 consequamur
1469 4703 1549 4769 buna,
1563 4717 1622 4772 qnae
1634 4703 1737 4759 utinam

64 4787 154 4844 mala
185 4782 351 4854 iaciendo,
375 4786 408 4842 ad
426 4785 525 4843 diaboli
556 4789 674 4858 pertinet
694 4790 796 4862 teqes:
828 4791 890 4849 ideo
950 4807 1107 4849 aesomnes
1119 4791 1317 4862 adipiscamur,
1338 4793 1420 4862 qratia
1436 4801 1464 4847 et
1483 4792 1666 4863 benignitate,
1681 4803 1736 4850 etc.
1806 4839 1808 4846 .

580 5054 595 5088 ,
752 5002 953 5071 ‘noman
973 5005 1092 5069 xxm.

63 5143 146 5199 Car.
166 5140 225 5196 ts.
242 5153 278 5193 r.
292 5140 320 5194 ι.
333 5137 422 5192 Omne
434 5139 520 5192 emma
533 5142 697 5212 permenius
711 5142 898 5200 sublimioribus
953 5147 1055 5220 perilua
1068 5157 1096 5204 et
1107 5148 1211 5205 inutilia
1224 5149 1402 5220 suscipiantur
1416 5147 1496 5204 bella.
1516 5147 1660 5208 Sufficiunt
1671 5153 1742 5209 enim

428 5229 527 5284 subdita
538 5233 581 5286 sit.
953 5239 1058 5296 insidiae
1070 5240 1142 5308 ille,
1158 5256 1217 5311 qnae
1231 5250 1341 5312 propter
1352 5239 1492 5298 veritatem
1506 5243 1584 5298 nobis
1597 5256 1747 5316 parantur,

107 5325 143 5380 l.
174 5321 227 5378 De
253 5319 310 5378 nae
332 5335 363 5375 re
380 5319 494 5390 plurima
514 5323 594 5378 rerba
614 5322 678 5379 lacit
695 5324 795 5380 inaliis
819 5326 900 5382 etiarn
954 5337 1387 5404 necparestsupervacaneaset
1401 5331 1512 5388 inutiles
1526 5333 1644 5402 adjicere
1658 5343 1747 5391 tenta-

63 5413 243 5484 epistolis,
262 5417 297 5466 ut
309 5409 473 5466 dematicos
487 5411 579 5478 beris,
592 5412 632 5468 sie
645 5423 673 5469 et
686 5413 810 5471 subditos
825 5416 900 5490 prin·
955 5423 1054 5480 tiones.
1073 5421 1141 5479 Vide
1156 5431 1250 5478 aretem
1274 5437 1355 5494 qnam
1376 5433 1526 5495 opportune
1546 5426 1572 5480 in
1597 5425 1668 5484 barve
1690 5442 1748 5484 ser·

63 5504 197 5574 :ipibos
214 5500 387 5570 subiiciens.
400 5499 429 5557 ld
439 5515 505 5557 vero
515 5502 598 5570 iacit,
612 5507 757 5562 osteudens
768 5507 903 5566 Christum
956 5528 1064 5572 monent
1087 5515 1242 5571 arcesserit.
1262 5514 1408 5588 Postquam
1430 5517 1503 5573 enim
1526 5533 1649 5590 magnam
1675 5520 1748 5577 illam
1801 5558 1804 5564 -

63 5611 129 5652 ιοιι
147 5593 196 5650 ad
215 5590 400 5649 eversionem
414 5593 566 5647 commannis
581 5594 679 5663 polide
692 5596 767 5670 leges
778 5611 842 5654 suas
859 5599 903 5654 in·
957 5605 1154 5677 pbilosoplviam
1169 5606 1328 5678 requisivit,
1352 5615 1381 5664 et
1399 5609 1494 5665 a'nricis
1506 5617 1534 5665 et
1548 5609 1664 5666 inimicis
1677 5627 1752 5669 caar-

63 5686 211 5742 luxisse.
226 5723 240 5751 ,
270 5680 321 5738 sed
339 5681 374 5739 ad
388 5681 620 5752 emendationem,
638 5686 740 5748 docens
753 5700 783 5747 ut
799 5705 835 5748 ae
855 5703 903 5747 su·
960 5696 1056 5754 modos
1066 5739 1076 5766 ,‚
1096 5705 1176 5768 atque
1189 5699 1223 5754 iis
1236 5698 1281 5770 qui
1296 5715 1445 5772 prospere,
1461 5709 1490 5760 et
1502 5701 1537 5756 iis
1550 5700 1596 5770 qai
1611 5699 1753 5760 infeliciter

223 5776 267 5839 S.
285 5775 377 5839 lons·
392 5773 569 5840 Cssrsosr.
591 5777 646 5841 tlt
1510 5788 1641 5873 (Vinpt.)
