4084 6350
232 315 264 398 ιιι
601 335 628 390 s.
649 331 788 390 ioannis
807 322 1043 389 crrntsosruttr
1063 319 1219 388 sacratur.
1239 324 1504 386 cunsnrunmoe.
1847 319 1882 384 ιι

234 449 413 525 inproplretia
430 439 513 522 ‚urm
535 447 670 520 quidpiam
686 446 806 504 terribile
827 444 918 503 lrabot.
930 443 980 502 la.
994 442 1030 500 llr
1086 459 1198 510 sumus,
1213 442 1319 500 liberati
1338 457 1355 498 a
1376 435 1496 515 peceato.
1518 437 1642 513 munau
1660 448 1749 500 autam
1768 441 1883 505 estisne

236 545 302 600 dabo
316 588 325 613 ‚
349 543 455 617 inquit,
485 543 603 614 prodiqr'n
614 543 641 598 in
654 543 717 598 culo
738 555 859 607 sursum,
880 551 905 596 et
917 539 990 612 ripun
1002 539 1030 595 in
1084 537 1202 605 donum,
1216 536 1324 610 quando
1344 537 1371 593 in
1389 535 1471 593 alium
1483 551 1591 610 qnoque
1604 551 1698 594 serum
1712 537 1807 594 transii
1820 551 1881 610 pra·

234 640 439 696 tmudeormm.
453 637 501 693 liis
510 649 534 692 er
547 635 663 693 loturum
674 635 802 707 judicium
815 633 1032 706 etierosoiymo-
1084 632 1137 698 tia;
1151 648 1204 688 non
1218 632 1245 687 in
1258 647 1339 688 uuam
1352 630 1501 690 alteramve
1513 631 1584 687 sient
1597 630 1673 699 oiim,
1684 646 1781 704 nempe
1793 630 1820 687 in
1833 631 1883 688 De·

118 719 122 728 ¹
235 749 297 790 rura
310 731 442 789 excidium
455 730 615 788 subindicat.
631 728 789 802 sanquinem
804 738 827 785 et
839 729 934 801 ipnenu
950 737 975 783 et
986 743 1032 783 uo·
1086 723 1178 780 boram
1190 733 1218 781 ct
1229 723 1334 781 Oidam.
1348 723 1440 797 Neque
1450 724 1521 782 distr
1533 738 1593 782 esse
1604 723 1732 796 Spiritum
1746 737 1881 794 sarratam,

237 843 325 898 parem
338 825 411 895 suari.
432 823 517 891 Vide,
532 824 668 894 uumnodo
683 825 817 889 excidium
829 823 1029 881 describerent).
1086 832 1173 889 neque
1188 816 1325 888 prophetae
1338 817 1419 874 rerba
1436 817 1597 902 explieariu
1612 816 1660 876 sed
1677 817 1763 874 solam
1780 817 1885 876 induxit

236 916 286 972 Sol
296 924 452 971 corruentetur
466 916 494 969 in
509 914 644 983 uertebrae,
667 925 691 969 et
705 915 767 970 iuno
780 916 806 970 r'n
820 919 978 989 snrrquinern.
992 915 1032 971 dx
1086 908 1255 982 prophetiam
1268 926 1316 982 per
1325 910 1442 982 seipsam
1456 921 1617 968 certamem.
1633 908 1758 983 Nihilque
1769 911 1804 967 de
1816 908 1884 967 inda

236 1007 334 1064 abacto
346 1006 503 1080 punientium
521 1008 556 1063 ita
567 1007 693 1077 loquitur.
706 1006 834 1064 Narratur
847 1017 935 1063 tarmen
950 1006 1032 1062 multa
1085 1003 1140 1074 ianr
1152 1003 1281 1076 loquitur,
1290 1005 1351 1073 uuia
1362 1003 1486 1060 amnibus
1497 1005 1585 1074 palam
1595 1011 1653 1058 erat
1663 1003 1756 1076 urraies
1766 1001 1885 1060 dedisset

236 1099 333 1155 similia
344 1101 370 1155 in
381 1101 447 1154 culo
456 1100 511 1154 risa
523 1098 615 1165 luisse,
625 1109 654 1155 ut
668 1099 825 1156 trsriiicntnr
834 1099 968 1171 loseplrus
982 1095 1031 1170 (ιι).

236 1190 348 1248 iuterim
362 1191 423 1248 illos
442 1206 549 1263 qunque
569 1193 734 1263 persrrinxir,
750 1192 945 1262 tenebrasque
959 1189 1032 1245 :rcci-

237 1283 305 1339 dore
340 1297 516 1350 memorans,
542 1292 570 1339 ct
594 1285 674 1340 trrtrrri
700 1284 929 1354 esspecrartonem
955 1280 1034 1337 indu·

238 1391 314 1434 oens.
337 1376 478 1448 Antequam
491 1377 574 1433 ueniat
581 1374 641 1432 'dies
655 1376 758 1432 Dorrn'ni
771 1388 879 1448 nropnns
892 1384 915 1429 et
925 1375 1011 1444 nrunis
1025 1399 1035 1412 ·

239 1479 303 1527 rtur.
327 1469 369 1526 Ne
387 1485 450 1541 qma
469 1486 541 1526 nunc
564 1470 674 1541 impune
694 1468 811 1541 peccatis
827 1509 834 1533 ,
852 1468 937 1538 iuquit
951 1508 959 1533 ‚
974 1465 1035 1521 ideo

238 1561 392 1618 earrlldatis.
421 1562 485 1620 lluc
508 1565 637 1634 prooemicr
655 1572 718 1619 sunt
741 1562 829 1633 magui
847 1560 986 1632 eujusdam
1008 1567 1037 1616 et

240 1657 392 1729 grauissimi
403 1656 467 1713 diei.
481 1657 585 1722 Viden',
598 1657 733 1728 quomodo
742 1657 849 1713 anirrros
862 1670 956 1712 eorum
969 1668 1036 1711 era-

239 1749 344 1820 uitauit,
358 1758 386 1803 cr
400 1749 483 1804 risum
499 1750 634 1805 conuertit
643 1750 669 1804 in
681 1748 906 1805 excuartiancml
922 1747 950 1802 Si
963 1746 1036 1802 errius

240 1842 300 1899 hauc
311 1851 375 1900 sunt
388 1843 518 1913 prorumia
532 1843 587 1899 diei
602 1845 693 1911 illius,
710 1857 822 1908 necesse
832 1853 870 1899 cst
888 1841 1036 1914 pericnlum

242 1935 277 1992 de
290 1937 419 1992 extremis
429 1936 486 2006 jam
509 1937 661 1993 imminere.
675 1937 745 2005 Quid
766 1938 855 1993 nerui
870 1953 934 1992 num
951 1936 1039 2008 pergit

242 2028 374 2084 terribilia
388 2028 501 2085 dicere?
514 2029 701 2101 Nequaquam.
716 2030 769 2085 Sed
785 2029 868 2100 urridi
881 2029 985 2084 Rursus
993 2027 1039 2084 dat

243 2119 298 2176 illis
312 2120 463 2192 respirandi
477 2121 576 2186 iocum,
593 2131 620 2178 et
634 2122 672 2177 ait
683 2139 691 2176 τ
701 2121 747 2176 Di.
763 2120 798 2176 Et
809 2122 856 2176 err't
871 2163 879 2190 ,
894 2121 976 2177 omnir
987 2122 1040 2192 qni·

243 2229 351 2286 curaque
360 2215 513 2270 incucurrerat
527 2231 618 2272 nornen
633 2215 747 2283 Donrini,
761 2217 848 2270 roiour
860 2215 918 2271 erit.
935 2215 991 2270 liae
1006 2211 1041 2270 de

239 2307 356 2385 ebriaco
366 2307 467 2365 dictum
480 2319 531 2376 cst,
549 2318 578 2364 nt
590 2309 688 2366 Paulus
702 2308 740 2364 nit
753 2305 840 2381 (Rom.
854 2309 899 2365 lD.
913 2309 958 2380 lb)
974 2325 980 2363 :
997 2306 1042 2364 hie

245 2414 311 2455 uero
324 2415 378 2455 non
393 2399 474 2457 audet
485 2400 510 2456 id
524 2401 611 2473 palum
626 2400 756 2458 revelare.
773 2399 849 2456 Dicta
858 2415 923 2456 cero
937 2415 953 2455 a
967 2399 1042 2473 prin·

245 2492 318 2562 cipio
337 2499 501 2562 repetamus.
528 2487 613 2548 liceto
631 2492 707 2557 uuasi
731 2491 861 2547 adversus
884 2489 1002 2546 ridentes
1014 2499 1043 2546 ct

245 2584 444 2640 subsannantes
452 2585 576 2656 insurgit,
592 2584 704 2640 diceus:
722 2583 861 2639 Notnntrit
872 2581 988 2638 omnibor
998 2597 1043 2638 oo·

246 2675 296 2742 bis,
307 2687 332 2731 et
345 2676 448 2732 annius
463 2676 585 2748 percipite
596 2677 671 2732 uerbo
690 2690 755 2732 uren.
772 2674 850 2732 initio
863 2685 952 2732 aulem
966 2673 1043 2732 dice·

246 2769 304 2838 bat,
321 2767 377 2825 Viri
388 2768 487 2825 trrdoei.
501 2769 610 2826 iudaeos
625 2769 690 2826 mibi
703 2771 794 2827 diacre
808 2769 915 2828 uidetur
929 2783 987 2838 eos,
997 2768 1044 2840 uui

247 2860 276 2916 in
289 2857 381 2918 iudea
397 2859 566 2944 babitabant.
582 2863 636 2932 Et,
656 2864 678 2919 si
692 2863 804 2934 placet,
827 2863 972 2918 afferamus
997 2860 1045 2918 illa

247 2955 387 3027 Evangelii
403 2957 486 3012 rerba
502 2998 510 3022 ‚
533 2966 562 3012 ut
575 2956 664 3013 discas
681 2957 767 3029 qualis
783 2965 895 3028 repente
912 2957 997 3012 laetus
1009 2956 1047 3011 sit

248 3049 358 3105 Petrus.
381 3049 471 3118 Exiit,
486 3050 592 3122 inquit,
607 3051 694 3124 praello
707 3052 793 3108 dibeas
806 3067 816 3108 .·
830 3050 864 3108 Ει
877 3060 905 3107 tu
918 3066 975 3107 erar
987 3067 1046 3106 cunr

247 3140 312 3199 dero
325 3139 472 3199 Nonureno.
490 3141 541 3200 ilie
554 3144 791 3216 antenurcrpondr't,
804 3141 899 3200 lierda
907 3142 1044 3199 donuinam.

247 3229 286 3289 Et
298 3249 388 3289 rurnrr
401 3234 570 3307 irrtnroqotur
584 3236 658 3307 cupit
669 3236 787 3291 detestnri
798 3246 823 3292 et
833 3236 925 3308 jurare
934 3232 1045 3307 (distin.

170 3326 175 3336 '
249 3322 296 3382 26.
310 3324 346 3382 69
359 3326 417 3397 lb).

286 3418 314 3474 Ξ.
335 3418 456 3475 Adulatio
469 3421 582 3478 uitanda.
595 3452 631 3464 -
640 3421 693 3481 Sed
706 3422 751 3481 bie
760 3423 823 3481 uide
835 3423 907 3480 illius
922 3422 1046 3479 dduciam

251 3525 430 3583 magnamque
440 3512 548 3569 dicendi
558 3514 719 3572 libertatem.
731 3515 790 3573 Non
803 3515 921 3574 laudarit
932 3531 991 3582 eos,
1002 3518 1049 3590 qui

179 3624 184 3631 ·
252 3601 376 3659 dixerant
391 3622 398 3660 ι
413 3603 562 3661 Audivimus
575 3622 618 3663 eor
631 3609 761 3679 loquentes
776 3610 868 3666 muns
883 3610 977 3683 linquis
990 3626 1049 3669 nto·

251 3695 341 3767 quatio
353 3695 418 3763 Dei,·
428 3696 476 3753 sed
486 3698 531 3754 ilia
541 3713 592 3770 qua
605 3716 667 3773 erpa
681 3701 748 3759 alios
760 3717 824 3759 usus
834 3711 893 3759 erat
906 3702 1049 3775 pruriente,

253 3792 304 3846 bos
325 3789 501 3848 studiosiores
522 3790 635 3851 reddere
657 3795 769 3863 rolens,
794 3805 823 3853 et
843 3812 997 3853 sermonem
1015 3796 1051 3853 ab

247 3883 408 3966 ⁵adulatione
428 3884 547 3943 alienum
564 3887 719 3946 ostendere.
734 3888 791 3947 lloe
804 3890 876 3946 enim
892 3888 991 3961 ubique
1003 3888 1056 3947 ob·.

255 3976 417 4035 nuendum
432 3985 489 4047 est,
502 3980 638 4051 quomodo
657 3980 827 4053 indulgenter
840 3981 902 4038 licet
916 3981 1050 4053 loquatur,

254 4083 345 4126 sermo
358 4071 494 4127 tamenab
508 4071 663 4131 adulatione
679 4073 758 4130 simul
770 4082 825 4131 eta
839 4074 1002 4131 contumelia
1016 4075 1053 4131 sit

254 4162 378 4229 alienus;
392 4162 464 4234 quod
480 4172 569 4221 tamen
587 4164 696 4222 diidcile
715 4174 767 4222 est.
787 4165 865 4237 Quod
882 4175 974 4223 autern
992 4166 1056 4238 bue

254 4254 322 4310 liora
334 4252 411 4311 tertia
422 4253 566 4324 laetasint,
578 4271 631 4313 non
643 4257 702 4315 siue
712 4273 793 4317 causa
803 4258 987 4330 dispensatum
998 4269 1051 4317 est.

254 4346 323 4404 Cum
340 4348 412 4404 enim
425 4348 494 4406 lucis
505 4348 634 4419 splendor
649 4360 777 4423 apparet,
793 4362 858 4410 tunc
872 4368 926 4410 non
947 4353 1053 4425 prandii

232 4460 235 4465 ⁴
256 4440 329 4495 curis
344 4440 467 4497 immines
480 4450 663 4526 occupamur.
679 4454 744 4501 turre
761 4445 822 4501 laem
834 4444 893 4502 dies
911 4454 970 4513 est,
990 4454 1055 4502 tune

256 4546 353 4589 omues
366 4532 393 4589 in
407 4531 467 4589 loro
480 4543 553 4591 sunt.
569 4534 663 4593 Viden'
678 4551 830 4595 sennonem
851 4537 974 4595 libertate
993 4538 1053 4612 pie-

256 4624 342 4681 rrnmi
353 4624 389 4680 Et
401 4627 505 4685 sumbus
519 4629 640 4702 percipite
652 4631 727 4687 ando
740 4648 806 4688 meo.
826 4631 874 4689 llis
884 4632 964 4690 dictis
976 4648 1009 4689 ex
1024 4648 1054 4690 se

215 4735 218 4740 ·
254 4717 323 4773 nibil
336 4717 447 4785 addidit,
459 4720 506 4776 sed
518 4721 576 4777 lraeo
587 4721 727 4792 subiunxit
739 4743 746 4779 :
757 4722 814 4779 Hoc
822 4735 870 4793 eet,
881 4725 949 4798 quod
958 4726 1055 4781 dietum

231 4814 234 4817 ’
254 4820 294 4869 ert
312 4829 358 4883 per
374 4814 524 4886 prophetam
543 4813 603 4872 daei
615 4832 627 4872 .·
640 4816 675 4873 Et
688 4819 736 4874 erit
751 4818 779 4874 in
797 4819 939 4876 romesinis
954 4820 1052 4876 diebus.

1088 1109 1200 1166 poerras;
1216 1094 1265 1150 sed
1279 1095 1358 1161 silet,
1374 1097 1464 1152 sciens
1479 1095 1544 1151 nibil
1559 1095 1672 1152 ualidius
1686 1109 1838 1167 essequam
1852 1110 1885 1151 er

1089 1186 1228 1259 prophetia
1244 1189 1314 1259 iouui
1329 1189 1382 1245 iliis
1398 1206 1406 1244 ι
1420 1187 1473 1245 lroc
1486 1188 1557 1245 enim
1579 1189 1644 1261 ipsis
1663 1191 1744 1246 etiam
1759 1187 1886 1260 operibus

1088 1278 1184 1336 lortius
1202 1291 1253 1337 est.
1275 1281 1341 1338 llam
1362 1297 1423 1339 eum
1443 1283 1528 1354 signa·
1540 1283 1643 1338 laceret
1658 1282 1796 1349 Christus,
1815 1295 1887 1352 saepe

1089 1372 1324 1452 corrtrardieebant;
1336 1390 1397 1430 cum
1406 1382 1496 1430 :ratem
1510 1373 1669 1448 prophetam
1682 1374 1823 1431 induceret
1835 1373 1888 1430 illis

1090 1463 1226 1522 dicentem
1240 1483 1246 1520 :
1258 1465 1330 1521 Dixit
1344 1465 1469 1522 Dominus
1481 1466 1589 1522 lionrr'no
1602 1482 1668 1532 meo,
1684 1466 1752 1524 Sede
1764 1485 1779 1520 n
1792 1466 1888 1522 dmtrit

1091 1558 1152 1612 arur
1161 1556 1266 1629 (lintris.
1275 1557 1319 1614 ΞΩ.
1328 1559 1372 1616 ll.
1383 1556 1457 1615 Pani.
1468 1557 1530 1617 rba.
1542 1561 1579 1632 Ι),
1588 1561 1623 1616 ita
1637 1560 1888 1628 silebanuurnemo

1092 1648 1220 1722 deinceps
1228 1651 1361 1722 possetiiii
1370 1653 1543 1723 respondere,
1554 1653 1593 1710 do
1605 1667 1677 1725 sape
1687 1653 1889 1725 iileScripturas

1092 1753 1235 1813 meruerat,
1250 1745 1353 1813 dicens,
1367 1745 1462 1803 Siiilor
1474 1747 1539 1804 dixit
1550 1748 1624 1816 'decu
1634 1747 1668 1802 nd
1676 1763 1827 1822 qnorrmm
1841 1747 1889 1803 Dei

1093 1841 1179 1910 facins
1189 1847 1226 1892 eat
1238 1837 1327 1906 (donn.
1336 1838 1378 1897 lb.
1388 1839 1444 1910 55).
1452 1839 1613 1911 inrorrbique
1622 1839 1672 1896 boc
1680 1841 1888 1913 uuisirruerrerit.

1094 1929 1156 1987 idco
1174 1931 1218 1988 irie
1237 1933 1274 1988 ait
1290 1950 1296 1987 :
1313 1933 1453 2002 Effundam
1467 1933 1498 1988 de
1513 1933 1612 2006 Spiritu
1629 1951 1685 1989 meo
1702 1950 1779 2006 super
1792 1949 1892 1989 onmem

1093 2038 1218 2092 curnem,·
1232 2022 1284 2079 boc
1298 2033 1350 2092 est,
1363 2025 1388 2078 in
1402 2033 1505 2097 gentes.
1519 2023 1573 2080 Sed
1589 2024 1706 2082 nondum
1718 2027 1830 2091 revelat,
1843 2039 1892 2082 nee

1095 2115 1303 2189 interpretatum
1317 2120 1485 2190 nequeenim
1498 2119 1666 2190 expediebat,
1677 2118 1738 2191 quia
1749 2118 1828 2176 etiam
1841 2117 1893 2176 boe

1095 2213 1239 2269 obscurum
1253 2221 1320 2269 erat.
1336 2212 1409 2268 Dodo
1424 2213 1541 2285 prodipio
1558 2213 1585 2268 in
1604 2212 1667 2270 seio
1685 2205 1795 2270 suranna
1812 2211 1894 2283 lingis

1096 2304 1156 2360 ilios
1179 2303 1231 2361 lroc
1252 2305 1388 2374 terrebat,
1404 2305 1475 2377 quod
1496 2314 1569 2363 osset
1589 2305 1744 2363 obscurum.
1760 2305 1788 2363 Si
1803 2313 1893 2362 autern

1097 2399 1149 2456 boc
1162 2401 1352 2472 inrerpretatus
1363 2409 1445 2470 essct,
1458 2402 1544 2473 mauis
1556 2401 1609 2458 illis
1621 2401 1779 2458 obstitisset.
1793 2396 1895 2456 Deinde

1097 2490 1163 2548 iilud
1177 2493 1299 2563 praeterit
1315 2494 1390 2564 uuasi
1411 2493 1599 2560 manifestum,
1620 2495 1701 2549 talem
1720 2492 1813 2548 rolens
1829 2490 1895 2548 dare

1098 2583 1264 2655 opinionem.
1288 2583 1408 2656 Denique
1428 2583 1480 2641 boc
1500 2585 1551 2640 iiils
1571 2585 1773 2656 interpretatur,
1786 2597 1847 2640 cum
1861 2581 1897 2638 de

1099 2677 1297 2735 resurreetione
1310 2680 1439 2751 loquitur,
1453 2678 1528 2736 etad
1543 2678 1570 2736 id
1585 2693 1713 2736 sermone
1726 2678 1797 2734 riam
1810 2682 1896 2749 parat.

1099 2767 1164 2826 ideo
1177 2779 1273 2842 sponte
1288 2772 1428 2842 preterit,
1444 2771 1570 2844 quoniam
1584 2770 1655 2827 bona
1668 2770 1702 2827 ad
1717 2769 1779 2826 iilos
1796 2777 1899 2841 perirr-

1100 2861 1205 2920 lrendos
1225 2865 1362 2920 nonsatis
1381 2873 1459 2920 erant
1474 2881 1481 2919 :
1497 2878 1659 2936 quamquam
1678 2861 1732 2918 iroc
1751 2874 1899 2932 numquam

1100 2953 1201 3013 lactum
1216 2966 1267 3012 est.
1283 2957 1369 3013 Nemo
1381 2957 1453 3013 enim
1467 2965 1530 3014 tnnc
1544 2951 1653 3028 adagim
1667 2970 1739 3012 nune
1752 2969 1818 3012 vero
1830 2952 1899 3010 dde-
1924 2971 1929 2980 ·

1100 3047 1141 3104 les
1153 3048 1305 3120 ellupermrt
1316 3048 1367 3105 sub
1381 3048 1555 3120 Vespasiano.
1568 3047 1603 3104 Et
1615 3049 1667 3105 iroc
1678 3044 1801 3120 estquod
1812 3045 1898 3104 dicit:

1103 3139 1163 3199 Nisi
1176 3142 1313 3199 obbreuinti
1325 3143 1433 3217 fuissent
1444 3143 1499 3200 diet
1512 3143 1736 3219 tili,.nonmioatu
1746 3141 1833 3213 suisset
1846 3154 1902 3195 οιιι-

1103 3238 1143 3293 nir
1158 3254 1218 3293 coro
1231 3236 1339 3309 (linitio.
1354 3238 1400 3294 ul.
1415 3236 1473 3311 22).
1487 3236 1564 3307 Quod
1579 3238 1717 3294 molestius
1731 3244 1800 3304 erat,
1814 3234 1903 3306 primo

1086 3327 1215 3400 ¹contiuit
1229 3348 1237 3385 a
1253 3330 1340 3401 primo
1352 3328 1424 3386 enim
1439 3328 1537 3385 accidit
1549 3339 1578 3384 ut
1593 3328 1756 3385 habitatores
1769 3340 1901 3399 caperen-

1104 3432 1159 3487 tur,
1172 3429 1200 3478 et
1214 3421 1279 3479 urbs
1293 3422 1496 3481 subverteretur
1508 3429 1536 3478 et
1548 3420 1769 3479 succenderetur.

1143 3516 1211 3586 Quid
1222 3528 1270 3586 ert,
1284 3518 1371 3573 turronr
1383 3518 1477 3573 mutari
1490 3517 1516 3572 in
1529 3517 1678 3589 sanquinem
1689 3514 1702 3570 i
1713 3544 1750 3558 —
1762 3514 1863 3573 Deinde
1875 3514 1902 3571 irr

1105 3610 1264 3684 metapirora
1283 3610 1401 3680 insistit,
1417 3610 1467 3667 sub
1484 3610 1577 3667 oculos
1596 3608 1750 3665 auditorum
1768 3606 1903 3665 excidium

1107 3705 1253 3763 adducens.
1269 3704 1318 3763 Sol
1329 3714 1487 3761 convetetur
1502 3705 1529 3760 r'n
1545 3704 1678 3773 tenebras,
1693 3713 1717 3760 et
1730 3704 1790 3759 iuna
1802 3706 1829 3757 tn
1841 3717 1903 3757 run·

1107 3800 1219 3871 quinem.
1234 3796 1293 3872 (o)[
1304 3796 1374 3868 Quid
1384 3803 1426 3854 est
1436 3838 1444 3865 ,
1455 3796 1544 3853 lunam
1558 3797 1654 3853 murari
1668 3796 1695 3851 irr
1710 3790 1904 3867 sarrqrrineml]

1107 3890 1220 3947 Videtur
1235 3891 1301 3947 milri
1317 3891 1360 3946 irie
1372 3891 1517 3947 maximam
1533 3888 1635 3946 cedem
1648 3887 1767 3945 indicare
1778 3930 1785 3953 .
1798 3900 1903 3943 sermo·

1092 3997 1225 4054 nemque
1246 3982 1283 4039 ita
1305 3982 1494 4039 eorreimratum
1518 3996 1595 4049 esse,
1615 3988 1645 4037 ut
1666 3981 1783 4037 marimo
1803 3988 1906 4035 terrore

1109 4076 1230 4148 impleat.
1246 4074 1281 4131 lit
1295 4077 1360 4144 erit,
1376 4075 1458 4132 omnis
1476 4075 1625 4147 quicumque
1643 4072 1796 4130 invocaverit
1815 4086 1905 4127 nomen

1110 4171 1226 4240 Domini,
1240 4171 1325 4227 eninm
1344 4173 1401 4228 erit.
1419 4160 1519 4236 Ourania,
1536 4171 1631 4243 inquit,
1648 4177 1675 4226 et
1689 4167 1712 4225 si
1730 4166 1858 4225 sacerdos
1871 4166 1907 4221 sit

1110 4265 1171 4337 (sed
1184 4264 1301 4321 nondum
1314 4265 1439 4334 resciat),
1450 4265 1507 4321 sire
1516 4278 1611 4321 seruus
1620 4262 1666 4331 sit,
1680 4262 1738 4318 siue
1746 4260 1832 4318 liber:
1846 4258 1906 4314 Nan

1111 4367 1147 4414 ert
1160 4358 1225 4413 eninr
1239 4375 1294 4415 rnus
1307 4374 1388 4429 neque
1400 4359 1495 4432 femina
1508 4358 1536 4413 in
1548 4356 1649 4413 carim
1661 4353 1734 4423 Jeru,
1745 4371 1796 4411 non
1809 4370 1905 4420 remur,

1110 4468 1161 4509 nora
1174 4452 1236 4509 liber
1250 4450 1321 4527 (Gai.
1334 4452 1361 4509 3.
1375 4450 1432 4526 ib).
1446 4452 1509 4509 iure
1522 4451 1628 4524 quidem
1643 4467 1650 4507 a
1665 4451 1715 4507 hoc
1730 4450 1801 4506 enim
1814 4447 1908 4505 discri·

1111 4563 1173 4604 men
1189 4547 1232 4603 irie
1246 4558 1303 4615 esr,
1318 4546 1363 4603 rrbi
1376 4546 1465 4603 omnia
1478 4546 1570 4603 umbra
1590 4554 1662 4602 sunt.
1678 4542 1745 4601 llam
1760 4544 1782 4600 si
1796 4542 1822 4598 in
1836 4541 1907 4613 regia

1113 4654 1192 4696 nemo
1206 4638 1313 4708 nobilis,
1329 4656 1407 4696 nemo
1420 4640 1553 4713 iqrrrrbilis‚
1566 4638 1613 4695 sed
1625 4654 1673 4695 sua
1684 4632 1817 4709 quemque
1826 4650 1908 4709 opera
1933 4694 1936 4699 Α

1112 4740 1215 4799 rrotsnt,
1226 4741 1252 4788 et
1263 4734 1285 4789 si
1296 4734 1323 4788 in
1333 4740 1390 4790 arte
1401 4747 1469 4805 opus
1481 4732 1651 4789 commendat
1663 4722 1792 4805 artil'cem
1806 4730 1909 4788 :mullo

1112 4824 1196 4896 mauis
1209 4824 1235 4880 in
1248 4824 1293 4881 illo
1305 4833 1386 4881 statu.
1399 4825 1488 4882 dareris
1500 4826 1647 4899 quicumque
1658 4825 1818 4882 insperserit.
1832 4822 1910 4878 inno·

256 4906 382 4965 Ostendit
393 4910 466 4966 enim
477 4919 570 4983 postea
581 4914 840 4972 consummationem
856 4929 940 4986 prope
958 4914 1056 4971 allutu·
1112 4919 1217 4987 carent,
1230 4918 1348 4989 inquam,
1361 4934 1413 4974 non
1423 4919 1516 4991 uraris
1527 4920 1629 4976 ratione
1639 4916 1713 4992 (Non
1723 4920 1800 4983 eninr,
1811 4918 1907 4989 inquit,

254 5015 325 5059 ram.
336 5002 382 5060 Sic
393 5002 458 5060 illud
469 5045 476 5071 ,
488 5003 524 5060 ln
542 5005 684 5063 nouissimis
697 5007 801 5074 didus,
817 5008 960 5082 quamdam
974 5009 1056 5066 babet
1113 5010 1195 5067 onnrir
1208 5011 1252 5083 qui
1262 5011 1323 5066 dicit
1336 5012 1409 5079 rrriiri,
1424 5010 1540 5081 Domine,
1553 5010 1661 5069 Domine
1673 5010 1779 5086 [dotti.
1792 5012 1820 5067 7.
1833 5008 1909 5084 221),

255 5094 416 5165 emphasim.
441 5094 544 5154 Deinde
564 5113 599 5157 ne
617 5098 741 5157 rideatur
759 5100 817 5157 bac
836 5102 870 5159 ad
891 5102 965 5159 solos
985 5101 1055 5159 lilios
1113 5104 1287 5175 scduuieum
1300 5104 1666 5178 affeetucrmrnprimauila,
1678 5122 1739 5163 cum
1753 5106 1910 5177 ccrngruerrti

255 5186 403 5258 pertinere,
414 5188 552 5261 subjrruqit
562 5208 572 5247 a
584 5188 739 5249 Etrenr'orer
746 5194 822 5251 miri
833 5196 932 5250 somnio
943 5196 1057 5252 somnio·
1112 5194 1219 5252 bducia.
1236 5196 1343 5252 interim
1358 5212 1411 5252 non
1427 5197 1539 5255 moleste
1553 5198 1679 5271 loquitur,
1694 5197 1729 5254 de
1743 5196 1795 5254 lide
1809 5212 1910 5269 agens,

256 5280 329 5335 bunt.
345 5279 414 5337 tide
425 5279 465 5337 rei
477 5282 587 5339 seriem.
600 5282 692 5341 Primo
705 5284 752 5341 diii
763 5302 772 5351 3
783 5286 853 5342 sicut
862 5296 889 5343 et
901 5286 985 5344 David
996 5287 1054 5357 altr
1113 5305 1201 5361 neque
1214 5291 1336 5361 supplicii
1351 5300 1480 5348 terrorem
1497 5292 1676 5351 abscondens.
1689 5293 1847 5364 Quomodo?
1859 5292 1912 5349 Ds-

256 5370 313 5426 Pro
326 5372 439 5443 putribus
453 5373 503 5429 tnir
521 5374 576 5430 nuti
594 5385 653 5431 sunt
670 5375 933 5448 estrumentum
951 5380 1013 5451 lii;
1028 5389 1056 5437 et
1114 5383 1200 5441 tendit
1211 5384 1237 5439 in
1253 5385 1422 5443 invocatione
1434 5387 1547 5443 salutern
1562 5402 1632 5445 esse.
1719 5446 1721 5453 ,

256 5477 351 5519 rursus
364 5462 510 5522 llalacirias
525 5482 533 5521 τ
548 5465 699 5524 conuertens
718 5469 798 5524 cordo
819 5478 921 5541 patrum
934 5472 961 5527 in
975 5472 1054 5542 fidos.
1140 5474 1176 5553 vb.
1192 5474 1270 5543 Quid,
1285 5491 1386 5545 uuuso,
1402 5478 1489 5536 dicis?
1500 5480 1612 5536 salutern
1625 5494 1759 5537 memoras
1774 5488 1836 5551 post
1847 5494 1910 5535 crrr·

257 5552 293 5609 Et
304 5572 380 5626 super
390 5572 474 5612 rerum
486 5573 575 5626 areos,
590 5568 613 5614 et
627 5576 704 5631 snper
721 5561 829 5618 oncidm
843 5578 911 5618 mens
925 5563 1011 5633 (Dat.
1025 5563 1052 5620 d·
1113 5567 1192 5625 cem?
1211 5568 1344 5641 Exspecta
1365 5570 1470 5627 interim
1486 5589 1493 5626 t
1507 5586 1602 5645 magna
1624 5582 1665 5631 est
1686 5570 1733 5629 Dei
1756 5572 1908 5631 elementia.

257 5650 298 5721 b).
319 5651 353 5706 lit
371 5651 424 5707 boe
442 5651 548 5708 uirtutis
565 5654 693 5712 indicium
709 5674 716 5713 ι
730 5656 801 5713 serui
821 5656 893 5713 euim
913 5656 972 5728 eius
992 5655 1054 5714 iacti
1112 5661 1147 5717 Et
1161 5662 1212 5719 icoc
1232 5677 1285 5719 non
1305 5665 1393 5721 minus
1414 5665 1530 5722 ostendit
1545 5665 1620 5723 iilum
1638 5680 1699 5724 esse
1713 5666 1814 5735 Deum,
1830 5682 1910 5738 uuam

277 5785 328 5847 ’(ιι)
337 5787 409 5895 siqua
420 5798 477 5895 quae
485 5785 695 5863 ierosolymorum
708 5793 834 5862 escidium
852 5807 1052 5860 praecesserunt,

258 5853 342 5897 ornat
366 5860 425 5909 oser·
444 5860 474 5896 ns
484 5846 518 5897 de
528 5848 596 5901 licito
607 5852 712 5903 rudaroo.

1091 5784 1094 5794 .
1116 5802 1350 5927 θῶ(ἱῖὲιιέῃὲι)Πιιιιιιοίιιῑε
1361 5802 1514 5896 clauduntur,
1524 5804 1627 5857 deerant
1645 5803 1839 5864 semimares
1855 5808 1911 5855 tut
