4084 6350
274 375 327 441 205
627 365 656 444 S.
675 351 815 442 iunonis
826 379 1068 442 cuulsostolll
1081 363 1243 444 suculae.
1258 383 1528 447 coustantium.
1868 383 1926 462 be

272 497 421 569 quillitale,
437 480 484 556 'sed
499 494 579 556 etiam
594 500 621 555 in
643 499 770 556 aerumnis
784 497 817 554 ad
831 497 904 552 illum
918 507 1071 554 accurrant.
1120 497 1308 570 gravissimum
1320 499 1460 569 audieris;
1479 508 1567 575 neqde
1583 493 1649 561 sica
1663 501 1720 564 Deo
1733 506 1858 581 laudibus
1871 527 1924 570 ce·

270 591 336 651 Haec
356 593 455 666 quippe
469 603 531 649 sunt
545 593 593 649 llei
607 592 782 664 providentia
795 605 895 662 opera:
913 588 994 657 Quem
1006 591 1074 646 enim
1119 592 1250 650 lebrando
1260 594 1443 652 absistendum
1453 597 1521 664 ;-sed
1535 599 1626 655 omnia
1640 615 1690 670 pro
1702 587 1767 674 ejas
1775 604 1926 665 dilectione

270 686 356 758 dilipit
376 684 518 754 Domitius,
543 687 671 756 eastipat:
686 684 801 756 propellat
820 693 904 738 autem
926 700 1027 738 earnem
1040 683 1074 753 p·
1120 682 1244 766 ferenda.
1259 686 1316 755 lioc
1334 688 1422 745 ddelis
1436 691 1522 758 serri,
1543 691 1597 750 lroc
1607 695 1757 752 constantis
1767 697 1851 754 animi
1862 707 1923 770 est,

269 777 352 844 bont,
373 794 447 848 mem
461 778 568 848 suscipit
581 781 589 850 (
602 776 679 831 liebr.
692 775 736 832 lt.
752 774 799 848 6).
819 775 870 843 Qui
889 787 978 832 autem
994 773 1071 832 ilium
1119 779 1171 850 Qui
1185 779 1239 838 hoc
1254 781 1366 838 allectus
1382 783 1463 840 modo
1477 794 1530 852 est,
1550 794 1579 843 et
1591 789 1736 858 praesentia
1747 788 1828 849 tacite
1840 791 1925 850 susti·

267 867 297 924 in
315 869 506 941 tranquillitate
528 870 613 926 solum
634 867 713 933 coiit,
731 882 784 923 non
799 868 865 922 tanti
878 868 978 923 amoris
996 867 1072 938 signa
1119 871 1212 940 nebit,
1237 882 1265 929 et
1287 874 1375 931 lutura
1396 877 1576 949 consequetur
1598 879 1685 949 bona,
1700 889 1729 939 et
1749 883 1834 940 multa
1852 884 1924 957 apud

266 959 386 1026 exbibet,
403 977 493 1034 neque
507 977 573 1032 pure
586 961 723 1016 Christum
738 970 820 1016 anrat.
837 960 940 1031 Ecquid
964 958 999 1016 de
1021 977 1070 1016 ra·
1118 962 1203 1019 Deum
1217 965 1313 1022 fiducia
1332 967 1447 1036 leuetur,
1463 985 1544 1041 quam
1556 985 1606 1026 nos
1621 987 1717 1030 omnes
1732 975 1841 1048 assequi
1855 990 1924 1033 con·

267 1052 397 1122 latudine,
421 1055 455 1110 de
473 1055 569 1126 opibus
589 1054 695 1126 loquor,
725 1055 788 1125 quid
812 1054 846 1110 de
866 1062 1024 1126 paupertate
1045 1060 1073 1109 et
1120 1053 1216 1126 tingat,
1229 1058 1314 1128 gratia
1326 1068 1355 1115 et
1363 1059 1529 1132 benignitate
1543 1063 1651 1122 llomiui
1666 1066 1751 1123 nostri
1763 1067 1828 1126 iesu
1841 1067 1922 1126 cam

267 1147 362 1204 morlia
374 1148 386 1202 i
399 1147 475 1202 Licet
488 1148 562 1202 enim
577 1147 739 1217 geliennam,
755 1149 817 1204 licet
839 1148 912 1202 aliud
931 1147 1071 1219 quidpiam
1119 1147 1166 1214 sti,
1181 1150 1224 1204 cui
1238 1151 1325 1221 gloria
1338 1153 1366 1208 iu
1378 1155 1479 1212 secula
1490 1156 1661 1216 serculorum.
1677 1159 1775 1218 Amen.

272 1273 1919 1304 *ww-*m

926 1330 1104 1396 mollitus
1124 1333 1277 1402 XXXVI.

264 1483 311 1540 tt.
332 1481 388 1540 iias
399 1485 491 1542 iterum
503 1487 644 1542 secandum
659 1488 761 1558 siquam
778 1485 933 1557 positissuis,
948 1497 1005 1538 aaut
1020 1498 1064 1538 ne·
1121 1484 1194 1541 euim
1206 1503 1256 1544 nos
1269 1487 1340 1548 bens
1353 1492 1388 1549 ad
1410 1493 1537 1567 baptismi
1549 1497 1663 1569 gratiam
1677 1497 1687 1532 ¹
1702 1498 1814 1572 propius
1834 1485 1920 1556 ‘reda-

302 1578 409 1632 aristeto
428 1577 524 1633 bradan
540 1581 568 1634 iu
582 1577 726 1634 Galilmam.
749 1575 825 1651 (dap.
840 1577 868 1647 ὅ)
884 1579 911 1634 ι.
927 1573 991 1630 Post
1010 1575 1065 1630 irae

240 1729 245 1746 ⁴
300 1679 354 1727 eret
369 1671 422 1727 dies
437 1673 515 1744 {estas
528 1670 691 1739 iudeorum,
713 1681 738 1726 et
761 1670 873 1726 ascendit
890 1669 967 1725 iesus
988 1667 1065 1724 iero·

244 1751 247 1766 '
299 1763 436 1835 salpmsnt.

259 1889 261 1894 ·
299 1857 327 1912 l.
348 1854 424 1911 Nr'iu'i
443 1857 471 1910 iu
489 1857 569 1912 sacris
584 1855 728 1938 Scriptarip
742 1857 828 1910 leniter
847 1855 1061 1926 praetereundam.

260 1947 370 2007 Piscina
385 1949 515 2020 probatica
536 1961 700 2022 consparatar
721 1967 778 2005 cam
792 1948 924 2022 Baptismo
939 1949 1012 2020 craias
1031 1948 1064 2017 fi·

261 2061 327 2117 para
349 2054 413 2100 erat
429 2044 529 2100 blauita
543 2046 652 2101 ancoralia
671 2037 846 2100 dissertationi
865 2043 1063 2098 interserantur.

261 2136 537 2208 -Quemadmodum
557 2138 585 2193 in
600 2137 659 2192 auri
679 2135 794 2192 metallis
813 2136 903 2207 quiris
917 2135 968 2191 hac
981 2135 1008 2190 in
1031 2149 1062 2192 ra

260 2230 365 2308 peritas
387 2243 422 2285 ne
436 2228 575 2284 minimam
596 2227 704 2300 quidem
718 2243 814 2284 renam
836 2228 997 2299 neglexerit,
1017 2236 1062 2283 ut·

258 2331 325 2393 pote
336 2321 471 2378 cumhinc
483 2337 588 2393 magnes
604 2322 708 2392 possint
721 2319 822 2376 hauriri
836 2320 936 2377 divitias
955 2337 962 2374 r
981 2319 1062 2377 sicet

258 2415 288 2472 iu
306 2415 404 2472 divinis
416 2413 563 2486 Scripturis
582 2415 738 2486 nequidem
753 2415 808 2474 iota
824 2431 907 2471 unum
920 2415 963 2472 uel
977 2431 1061 2471 unum

258 2509 363 2582 apicem
382 2510 441 2567 sine
461 2509 561 2566 damno
582 2518 795 2580 pretercumas3
818 2509 866 2566 aed
886 2509 976 2565 omnia
998 2517 1061 2565 sunt

258 2605 433 2678 exploranda.
447 2605 515 2662 Nam
533 2621 548 2661 a
562 2603 663 2677 Spiritu
675 2616 769 2664 sancto
784 2606 841 2662 lrtcc
854 2606 943 2662 omnia
955 2605 1060 2677 prolata

255 2706 341 2766 sunt,
357 2695 478 2769 nihilque
499 2697 536 2753 ibi
558 2712 798 2770 superuacaneum.
820 2695 870 2752 llic
884 2712 949 2754 uero
968 2697 1059 2752 cousi·

257 2789 324 2847 deta
348 2789 413 2863 quid
430 2791 503 2848 dicat
526 2793 688 2863 euangelista
705 2810 712 2848 ι
730 2791 789 2847 iias
807 2791 900 2846 iterum
915 2791 1056 2847 secandam

255 2883 356 2954 siparum
366 2881 427 2955 [ecit
440 2882 526 2950 imas,
543 2899 602 2938 carn
614 2883 721 2940 emutat
734 2899 751 2937 a
762 2881 858 2938 iudea
872 2883 898 2937 in
911 2881 1056 2939 Gaiiloeam.

254 2971 350 3046 Neque
364 2975 437 3031 enim
450 2973 599 3031 Secundam
611 2975 669 3033 sine
682 2989 762 3032 cansa
777 2973 898 3041 addidit;
912 2973 960 3031 sed
970 2973 1059 3030 adhuc

254 3064 488 3123 Samaritanorum
499 3067 658 3123 miraculum
666 3067 798 3138 celebrat,
806 3065 952 3123 ostendens
964 3065 1014 3122 iios
1022 3081 1058 3124 ne

252 3169 315 3230 post
336 3158 451 3217 alterum
465 3159 573 3233 quidem
597 3158 758 3233 signumad
782 3176 841 3217 eam
864 3158 1057 3217 sublimitatem

253 3252 404 3323 deuenisse,
420 3253 547 3325 adquam
563 3254 730 3312 devenerant
742 3254 761 3310 ii
780 3254 827 3326 qui
841 3252 907 3309 nihil
921 3253 1055 3310 viderant.

252 3342 318 3401 Post
337 3345 390 3401 itae
405 3353 460 3401 erat
472 3348 565 3419 [alam
578 3342 742 3403 iudaeorum.
756 3345 834 3416 Quod
849 3346 947 3402 iestum
958 3345 970 3399 ι
982 3346 1055 3402 Peu-

251 3448 378 3507 tecostes‚
394 3448 424 3496 ιι
437 3438 503 3495 mill
518 3439 633 3497 uidetur.
650 3440 685 3495 lit
696 3440 811 3496 excedit
825 3437 902 3495 beas
919 3438 1055 3511 teneatq-

251 3550 332 3590 mam.
354 3532 522 3606 Frequenter
548 3535 576 3591 in
598 3533 815 3591 solemnitatibus
837 3532 997 3589 versabatur
1023 3533 1053 3589 in

250 3629 378 3699 civitate,
400 3638 457 3685 tum
469 3637 501 3690 ut
521 3627 659 3686 rideretur
673 3644 734 3685 cum
759 3627 811 3684 illis
831 3625 929 3684 iustum
954 3643 1051 3699 agere,

248 3730 308 3777 tum
322 3729 353 3776 nt
374 3720 523 3791 simplicem
549 3719 747 3776 multitudinem
769 3717 926 3775 attraheret.
949 3720 1053 3778 inillis

249 3814 322 3871 enim
336 3814 453 3871 maxime
467 3814 563 3871 diebus
578 3815 586 3846 ¹
600 3814 618 3869 ii
632 3813 678 3885 qui
692 3812 856 3884 simpliciore
871 3822 948 3868 erant
960 3813 1052 3870 animo

248 3907 456 3965 concurrebant.
476 3906 504 3961 2.
530 3904 577 3962 Est
605 3914 690 3962 eutem
715 3905 883 3977 imosalpmis
912 3904 1052 3962 Probatiea

248 4000 368 4073 piacita,¹
379 4015 437 4071 qaae
455 3998 651 4070 cognominatur
671 3996 797 4052 Hebraice
809 3996 960 4067 lietbsaida,
976 4000 1052 4069 qain-

247 4108 297 4165 gae
316 4088 597 4164 petralatensis
617 4090 657 4146 bis
672 4091 778 4161 jacebat
797 4090 935 4147 multitado
956 4108 1052 4165 napea

247 4185 433 4259 languentium,
456 4199 592 4251 saeorum,
614 4183 777 4251 claudorum,
800 4184 942 4251 ancoram,
958 4202 1050 4257 esspe-

245 4278 370 4335 etaatirtm
390 4292 463 4350 aque
481 4287 588 4333 matam.
611 4260 678 4346 Quis
699 4276 743 4333 liic
762 4278 910 4335 curationis
927 4278 1050 4335 modusi

119 4384 122 4391 ·
246 4370 327 4442 quale
350 4369 508 4442 mysterium
530 4368 715 4426 subindicatur
735 4370 747 4425 ι
768 4368 862 4441 Neque
890 4371 961 4426 enim
990 4372 1050 4427 siue

246 4476 328 4519 causa
351 4461 411 4518 haec
420 4462 519 4532 scripta
539 4471 623 4531 sunt;
642 4463 690 4519 sed
710 4461 799 4519 lutura
820 4463 899 4519 nobis
920 4465 996 4536 quasi
1019 4466 1048 4522 in

245 4556 332 4627 ligura
344 4564 372 4613 et
385 4554 501 4627 imagine
510 4554 639 4613 describit
649 4573 657 4623 ;
669 4572 704 4613 ne
717 4556 740 4613 si
755 4573 799 4614 res
809 4558 951 4629 stupenda,
968 4560 1048 4616 inex·

245 4656 366 4719 spectata
388 4646 533 4717 accideret,
546 4648 699 4705 auditorum
721 4650 867 4706 multorum
889 4649 970 4707 iidem
994 4652 1047 4707 ali·

244 4748 380 4811 quatenos
403 4738 586 4796 ulciscerer.
606 4740 735 4809 Quartam
758 4740 919 4813 igiturbaec
941 4742 1046 4799 descri-

1120 1588 1205 1647 cerel,
1222 1596 1276 1637 non
1286 1581 1343 1653 jam
1356 1586 1476 1642 maculas
1493 1588 1592 1657 solum,
1606 1588 1696 1646 sedet
1709 1591 1819 1648 morbos
1830 1603 1918 1649 sanat.

1119 1668 1251 1742 imagines
1266 1674 1337 1729 enim
1355 1691 1416 1747 quae
1438 1679 1549 1750 propius
1571 1679 1607 1736 ad
1623 1681 1763 1738 uerimtem
1775 1682 1917 1750 acoedant,

1118 1770 1147 1818 et
1161 1762 1187 1817 in
1201 1762 1362 1835 baptismate
1374 1778 1402 1824 et
1413 1769 1441 1824 in
1454 1771 1582 1841 passione
1595 1780 1624 1828 et
1633 1771 1663 1828 ln
1676 1773 1738 1828 aliis
1752 1775 1838 1846 magis
1852 1789 1918 1831 coa·

1117 1853 1217 1923 spicue
1230 1865 1303 1925 sont,
1318 1874 1400 1929 qnam
1413 1853 1830 1934 uetustiores.'0oemadmodam
1843 1868 1917 1924 enim
1987 1920 1991 1928 ,

1119 1945 1164 2016 qai
1180 1961 1265 2019 prope
1287 1965 1378 2022 regem
1394 1960 1457 2009 sunt
1470 1952 1622 2023 satellites,
1645 1957 1837 2016 remotioribus
1854 1969 1919 2017 sant

1118 2033 1306 2097 honoratiores
1321 2041 1376 2097 :ita
1390 2052 1417 2100 et
1430 2043 1458 2100 in
1471 2044 1564 2116 liguris
1575 2044 1675 2104 iactum
1689 2058 1740 2105 est.
1756 2049 1791 2106 Et
1804 2051 1918 2124 angelos

1116 2128 1282 2206 descendens
1294 2133 1419 2190 turbabat
1431 2150 1546 2208 aquam,
1558 2145 1586 2195 et
1603 2140 1717 2197 sanandi
1731 2142 1788 2197 uim
1804 2143 1918 2202 indebat

1115 2219 1178 2290 ipsi,
1190 2231 1220 2276 nt
1233 2221 1369 2280 discerent
1389 2224 1486 2293 iudei,
1507 2229 1663 2301 angelornm
1680 2231 1820 2289 Nominum
1828 2235 1918 2292 multo

1114 2315 1201 2385 magis
1213 2330 1293 2386 posse
1304 2318 1402 2376 atrimae
1413 2323 1522 2380 morbos
1532 2339 1627 2383 omnes
1638 2340 1744 2384 curare.
1757 2327 1919 2400 Sedquem·

1114 2404 1258 2464 admodum
1269 2410 1451 2484 hicaquarum
1462 2426 1558 2474 natura
1568 2432 1621 2474 nou
1629 2420 1916 2491 simplicitercorabat3
1975 2493 1979 2500 p

1113 2497 1231 2570 alioquin
1246 2503 1319 2560 euim
1340 2520 1450 2578 semper
1469 2507 1496 2564 id
1509 2507 1611 2567 iaceret
1625 2525 1634 2578 ;
1647 2512 1695 2568 sed
1710 2514 1800 2585 angeli
1819 2529 1917 2585 opera·

1114 2591 1213 2649 tione¹
1232 2595 1260 2651 id
1282 2597 1381 2655 fiebat:
1402 2601 1443 2656 sic
1455 2600 1483 2656 in
1502 2603 1582 2660 nobis
1595 2619 1651 2660 non
1672 2620 1742 2678 aqua
1755 2607 1917 2678 simpliciter

1114 2695 1252 2756 operator,
1271 2689 1320 2745 sed
1340 2701 1482 2762 postquam
1496 2694 1614 2766 Spiritus
1626 2700 1740 2769 gratiam
1756 2701 1913 2772 acceperit,

1115 2784 1181 2834 tuuc
1197 2782 1287 2836 omnia
1310 2783 1391 2838 solvit
1403 2796 1524 2856 peccata.
1536 2788 1615 2846 Circa
1630 2790 1700 2848 itanc
1713 2793 1847 2863 piscinam
1864 2793 1915 2850 Ja-

1112 2867 1182 2951 qebat
1205 2874 1342 2930 multitado
1366 2893 1460 2948 nuqua
1481 2879 1657 2951 infirmarunt,
1678 2899 1814 2954 caesaram,
1837 2886 1913 2942 ciae-

1112 2962 1222 3031 domm,
1246 2968 1395 3039 anismam,
1420 2987 1495 3043 aque
1514 2983 1611 3030 motam
1624 2981 1836 3050 exspectantium,
1858 2979 1914 3038 Sed

1112 3066 1177 3115 tunc
1196 3061 1338 3120 indnnitas
1360 3065 1554 3137 impedimento
1568 3079 1645 3141 erat,
1664 3075 1808 3144 quominus
1829 3074 1913 3148 isqui

1111 3151 1342 3213 velletsamretur
1352 3175 1389 3215 :n
1410 3169 1541 3219 incautam
1552 3164 1738 3239 uriosqoisque
1748 3176 1912 3240 potestatem

1110 3246 1257 3332 pccedeudi
1280 3248 1372 3308 babet.
1389 3175 1449 3311 bon
1473 3258 1672 3330 enimangelns
1687 3264 1790 3333 estqui
1812 3278 1911 3335 aquam

1110 3350 1217 3409 movet,
1234 3342 1282 3399 sed
1296 3343 1453 3417 angelorum
1474 3345 1603 3406 Nomium
1624 3355 1716 3409 omnia
1737 3355 1830 3412 elicit.
1851 3356 1912 3414 Nee

1109 3428 1200 3488 dicere
1213 3448 1367 3504 mamus,
1391 3438 1459 3493 lium
1474 3454 1524 3512 ego
1544 3442 1665 3514 accedo,
1692 3445 1761 3503 alios
1780 3456 1843 3504 ante
1864 3462 1912 3505 me

1109 3521 1258 3580 descendit.
1284 3525 1338 3582 Sed
1360 3528 1384 3583 si
1405 3535 1478 3585 totus
1497 3532 1572 3588 orbis
1594 3536 1719 3605 venerit,
1740 3538 1826 3608 gratia
1853 3553 1910 3596 non

1108 3618 1285 3685 consumitur,
1301 3635 1390 3692 neque
1404 3624 1446 3679 ris
1458 3624 1501 3680 rel
1516 3628 1640 3697 operatio
1652 3630 1754 3700 deicit,
1774 3633 1823 3689 sed
1841 3648 1910 3691 sem·

1108 3724 1157 3779 per
1179 3711 1273 3767 eadem
1293 3724 1394 3771 manet.
1413 3717 1453 3772 Ac
1472 3719 1698 3788 quemadmodum
1720 3724 1825 3782 solares
1838 3726 1909 3783 radii

1108 3802 1228 3873 quotidie
1250 3803 1418 3875 illuminant,
1442 3823 1493 3865 nec
1508 3798 1704 3883 absumuntur,
1726 3830 1815 3887 neque
1834 3817 1910 3888 qood

1107 3896 1200 3952 multis
1211 3898 1459 3969 subministrentur,
1474 3903 1541 3959 lucis
1552 3904 1689 3976 quidpiam
1699 3908 1828 3965 amittunt
1838 3926 1845 3963 τ
1857 3912 1909 3978 sic,

1107 3989 1162 4047 ima
1177 3991 1262 4047 molto
1274 3994 1363 4049 minos
1382 3992 1498 4065 Spiritus
1509 3997 1632 4067 operatio
1653 4000 1784 4057 urinuitur
1800 4016 1816 4054 a
1835 4002 1911 4058 mul·

1107 4080 1222 4140 titudine
1235 4086 1434 4157 accipientiam.
1450 4088 1507 4145 lioc
1521 4099 1611 4146 autern
1625 4092 1725 4148 laetum
1736 4104 1788 4160 est,
1811 4103 1842 4149 ot
1861 4096 1910 4167 qui
2019 4087 2020 4092 ’

1106 4173 1242 4233 discerent
1257 4178 1285 4234 ιιι
1305 4194 1374 4252 aqua
1387 4181 1522 4239 curandos
1531 4198 1593 4241 esse
1608 4186 1732 4258 corporis
1746 4188 1866 4254 morbos,
1879 4197 1909 4245 et
2018 4189 2019 4214 ³

1106 4268 1158 4325 lrac
1182 4270 1209 4325 in
1229 4286 1259 4327 re
1278 4271 1325 4328 diu
1350 4276 1491 4330 exercitati
1510 4285 1615 4345 esseut,
1639 4278 1744 4335 iacilius
1762 4279 1908 4336 crederem

1106 4364 1187 4419 etiam
1211 4365 1321 4422 morbos
1337 4368 1419 4422 animi
1441 4382 1521 4439 posse
1534 4370 1633 4426 curari.
1651 4371 1706 4427 Cur
1719 4386 1802 4442 porra
1813 4370 1908 4427 missis

1105 4459 1211 4516 caeteris
1224 4460 1350 4518 omnibus
1361 4460 1440 4518 iesus
1461 4462 1495 4519 ad
1509 4478 1582 4530 eum,
1595 4462 1641 4532 qui
1658 4462 1766 4533 triginta
1783 4473 1845 4520 octo
1856 4479 1909 4519 an-

1104 4566 1155 4608 nos
1166 4553 1324 4624 aegrotabat,
1335 4553 1431 4609 venit?
1442 4569 1491 4608 cur
1504 4556 1660 4625 interrogat,
1684 4553 1726 4611 Vis
1734 4572 1814 4612 sanna
1825 4557 1909 4626 fieri!

1103 4644 1163 4701 Non
1176 4655 1205 4702 ut
1224 4644 1252 4702 id
1268 4647 1384 4703 disceret
1399 4662 1407 4714 ;
1423 4644 1489 4701 illud
1500 4646 1573 4703 euim
1587 4660 1818 4718 superuacaneum
1836 4650 1907 4704 inis-

1103 4746 1166 4803 set:
1187 4738 1236 4794 sed
1251 4747 1281 4794 ut
1300 4738 1379 4809 bojas
1394 4742 1621 4809 perseuerantiam
1638 4740 1815 4810 ostenderet,
1831 4751 1859 4796 et
1876 4750 1907 4797 ιιι

245 4834 328 4905 prio?
357 4832 488 4890 Futumrn
517 4833 649 4906 baptisma
680 4834 799 4891 dandum
827 4845 906 4904 erat,
933 4836 1045 4907 plenum
1103 4830 1235 4885 sciremus
1255 4830 1316 4886 ideo
1328 4831 1428 4902 ipsam,
1442 4831 1548 4887 ceteris
1560 4830 1668 4889 omissis
1678 4831 1771 4910 ,tirone
1790 4832 1904 4889 adiisse.

244 4928 343 4985 uirtute
355 4929 477 5000 etgratia
492 4930 619 4995 maxima,
633 4929 766 5000 baptisma
776 4930 848 5003 quod
862 4940 970 5002 peccata
984 4947 1045 4989 om·
1103 4923 1171 4991 Quid
1195 4938 1261 4996 218⁰
1281 4922 1429 4980 infirm?
1444 4924 1586 4999 Respapdit
1605 4926 1629 4979 ἀ
1651 4965 1657 4980 ·
1680 4923 1801 4993 ”mittis
1817 4925 1906 4980 '‘Otii'-

243 5021 290 5078 nia
312 5020 449 5088 ablueret,
465 5020 537 5092 qood
555 5037 589 5079 ex
611 5021 726 5079 mortuis
741 5022 816 5079 rivos
830 5022 966 5080 redderet.
980 5024 1045 5082 llaec
1103 5034 1162 5073 neto
1178 5034 1230 5073 aaa
1243 5017 1323 5073 babeo
1338 5018 1365 5085 ²,
1386 5026 1414 5072 at
1426 5034 1485 5073 aaut
1499 5019 1602 5074 turbata
1623 5020 1701 5091 {uerit
1720 5035 1798 5093 aqaa,
1818 5019 1906 5076 narret

242 5129 309 5187 ergo
323 5123 353 5171 m
371 5114 399 5171 in
413 5115 530 5187 imagine
545 5113 765 5187 depingentem
782 5115 885 5193 piscina
902 5118 969 5173 erin
984 5117 1045 5176 aliis
1103 5110 1181 5166 meio
1201 5112 1325 5184 pressam
1341 5128 1352 5169 ··
1370 5111 1433 5167 anm
1445 5113 1517 5167 venia
1537 5112 1605 5167 enim
1617 5128 1682 5184 eso,
1703 5112 1770 5169 atta
1789 5122 1851 5168 ante
1864 5128 1906 5168 ms

240 5206 342 5265 multis.
359 5206 394 5264 lit
411 5207 499 5279 primo
518 5206 627 5279 quidem
646 5221 743 5278 aquam
756 5207 846 5275 dedit,
863 5224 924 5281 qua
944 5224 1044 5282 corpo-
1103 5206 1242 5261 meabit.
1266 5206 1329 5263 ldeo
1341 5206 1524 5277 interrogavit,
1545 5204 1589 5260 Vis
1608 5221 1687 5262 sanas
1704 5206 1761 5276 fieri
1771 5204 1785 5261 i
1802 5215 1832 5261 nt
1845 5205 1905 5263 lusce
1977 5280 1982 5286 ἢ

193 5368 195 5373 ,
239 5316 300 5359 ram
311 5301 431 5359 maculas
442 5300 574 5365 ablueret,
588 5297 736 5370 sordesque
749 5316 802 5356 nou
813 5316 902 5370 ueras,
914 5302 962 5359 sed
974 5301 1044 5359 tales
1106 5299 1268 5356 ediscamas.
1281 5299 1374 5371 Neque
1387 5299 1472 5367 dixit,
1487 5298 1536 5355 iis
1554 5309 1584 5355 ut
1607 5308 1633 5356 te
1647 5314 1739 5355 sanem
1753 5300 1766 5355 ι
1780 5298 1904 5357 nondum

192 5376 203 5397 ”
242 5396 412 5455 existimatae
426 5411 434 5462 ς
448 5393 591 5451 exiunere
605 5407 714 5465 nempe,
728 5394 899 5467 ealepra,et
913 5397 1042 5454 similest
1102 5392 1176 5449 enim
1190 5400 1263 5448 tanta
1277 5391 1312 5447 de'
1326 5392 1385 5463 ipso
1399 5390 1901 5463 habebaturopinio;sed‚‘l'isaarrss

239 5489 379 5562 multaque
396 5487 489 5544 videre
509 5496 551 5542 est
567 5485 662 5543 eadem
682 5488 717 5544 de
736 5502 817 5545 causa
841 5492 868 5546 in
883 5492 968 5547 ueteri
981 5491 1043 5563 lege
1101 5486 1160 5557 lieri
1171 5485 1186 5542 i
1196 5483 1333 5556 Stupenda
1344 5500 1455 5556 prorsus
1469 5493 1511 5541 est
1522 5485 1663 5559 paralytici
1678 5483 1899 5556 perseuerantia:

240 5592 292 5653 per
304 5592 401 5652 aquam
418 5576 556 5635 mundate.
570 5577 625 5636 Sed
644 5578 678 5633 ad
693 5582 860 5652 propositum
873 5582 929 5653 jam
944 5582 1042 5639 redea·
1100 5592 1152 5649 per
1165 5578 1273 5651 triginta
1287 5588 1315 5635 et
1325 5588 1387 5635 octo
1399 5594 1496 5650 annos,
1510 5579 1574 5635 dom
1587 5585 1710 5649 speraret
1721 5576 1838 5650 singulis
1852 5593 1899 5634 an·

243 5688 318 5730 mus.
333 5671 426 5729 Primo
443 5671 543 5742 itaque,
559 5680 587 5727 ol
607 5670 735 5741 diximus,
748 5688 892 5746 corporum
906 5676 1040 5745 maculas,
1133 5723 1143 5755 ,
1160 5718 1232 5770 sm,
1244 5718 1328 5777 hm
1339 5716 1425 5793 m,
1436 5730 1490 5779 pm,
1500 5716 1615 5782 mm

239 5764 339 5825 deinde
360 5764 448 5823 sarim
462 5764 618 5822 miniates
636 5780 685 5838 per
696 5781 793 5839 aquam
814 5769 883 5826 solvi
898 5780 985 5828 curat.
1003 5769 1041 5830 Ut
1132 5784 1144 5816 ¹
1159 5782 1189 5832 ln
1199 5780 1283 5831 tieret.
1295 5781 1395 5843 legitur,
1407 5779 1450 5829 sed
1465 5777 1545 5842 aaqeti
1556 5778 1683 5829 demeum.

480 5890 483 5901 ‚
1133 5844 1386 5895 ⁸saulisieitabet:
1438 5832 1898 5906 'eipttatettammqutuaae'

270 5899 892 5973 tanet.leut,aaatneeaainpemstntua.
1100 5905 1393 5971 ee5sedirorriuemnon
1436 5903 1488 5957 bea.

2002 4585 2016 4682 ,l
