4084 6350
150 429 194 487 let

149 560 212 615 saepae
224 521 302 601 malis
317 543 407 599 maritis
419 542 547 599 dirruens.
567 542 594 599 Si
609 544 681 619 enirn
693 544 726 599 ad
748 543 859 615 gloriam
881 552 941 600 rs·'

149 626 255 709 spiciens
267 636 318 694 lroc
327 635 418 702 iacias,
426 636 510 693 multe
520 632 606 713 tnagis
614 638 726 696 fratrem
741 653 822 710 qnam
834 634 939 710 equum'

149 750 234 792 entrare
246 743 396 805 oporteret.
412 731 478 789 liam
491 745 593 809 quanto
605 733 779 808 malor'eatis
792 726 837 804 qni
851 734 939 789 bene-⁴

148 829 202 885 licio
215 826 320 893 fruitur,
337 836 412 888 tanto
427 828 596 907 splendidior
607 828 656 885 tibi
676 843 726 901 pro
742 826 787 883 tali
802 824 933 882 beneitcio

108 959 110 965 -
148 922 255 979 nectitur
268 934 381 981 corona.
401 922 460 979 lom
473 938 539 979 uero
553 936 614 977 cum
630 922 657 977 in
671 918 804 977 centraria
819 916 939 985 incidas,

147 1031 195 1074 non
208 1012 327 1075 advertis
341 1026 367 1072 tc
376 1018 531 1072 innotueros
542 1014 588 1071 tibi
601 1012 739 1097 attrahere
749 1019 931 1067 accusatores.

146 1116 205 1183 Quis
216 1114 287 1171 euim
312 1124 338 1171 ιε
353 1130 406 1169 nou
429 1111 579 1169 maledictis
593 1107 726 1181 impetrtl
749 1107 809 1181 quis
833 1112 861 1163 te
876 1119 931 1162 uon

145 1198 933 1269 strumacruttetnatisetinhumanitartsaccusabn,ridens

146 1311 171 1359 te
190 1316 272 1373 gentas
292 1301 399 1372 quidem
424 1298 564 1355 bominum
585 1295 754 1369 vilipendere
768 1336 776 1359 ,
791 1294 931 1350 brutorum

143 1409 205 1451 nero
217 1408 303 1467 penus
316 1390 470 1449 bominibus
483 1398 669 1463 anteponere,
682 1398 710 1445 ει
723 1386 809 1443 brutis
821 1384 931 1441 demtum

144 1490 225 1559 atque
240 1484 433 1559 supellectilem
456 1482 579 1539 adderet
599 1479 658 1537 lion
681 1478 779 1535 audisti
794 1476 933 1549 apostolos

143 1573 270 1637 dicentes,
285 1556 356 1644 quod
371 1570 449 1641 primi
462 1562 636 1641 qni'rerbum
649 1572 822 1637 acceperunt,
836 1562 931 1619 domos

143 1676 170 1726 et
180 1682 258 1740 agros
269 1665 416 1724 uenderent
426 1661 560 1721 utiratres
571 1660 696 1718 alerentl
708 1658 748 1716 'l'u
761 1672 826 1713 vero
836 1656 932 1712 domos

144 1768 170 1817 et
181 1774 257 1831 apros
271 1757 391 1829 abripis,
405 1766 434 1812 nt
447 1772 561 1828 equum,
576 1753 665 1826 ligna,
683 1753 783 1825 pelles,
800 1762 892 1806 moros
905 1758 932 1804 et

142 1853 319 1924 pauimentum
333 1854 458 1907 exornes.
470 1846 600 1919 Quodque
614 1846 722 1918 gravius
734 1852 794 1911 est,
809 1857 862 1898 non
882 1840 932 1895 tiri

143 1938 261 2009 tantum,
283 1928 428 1999 sedetiam
448 1938 577 1995 utulieres
596 1936 647 1993 ltac
663 1935 766 1992 insania
789 1941 931 1997 tenentur,

142 2052 198 2110 quae
210 2035 291 2093 etiam
305 2034 378 2091 viros
390 2033 508 2089 excitant
520 2031 553 2087 ad
569 2044 666 2087 nanum
686 2028 838 2101 hujusmodi
854 2027 931 2084 labo·

141 2118 215 2197 rem,
238 2128 300 2187 iilos
322 2127 356 2183 od
377 2130 466 2185 ontnia
492 2126 568 2198 plus,
593 2139 674 2196 quam
698 2124 731 2178 ad
757 2122 931 2190 necessaria,

140 2234 260 2297 sumptus
275 2222 364 2279 litcere
378 2231 517 2292 cogentes.
535 2220 564 2276 st
581 2219 642 2291 quis
656 2231 722 2273 rere
735 2215 771 2272 dc
784 2216 828 2271 lris
839 2214 933 2271 redar·

139 2317 240 2387 puerit,
265 2315 449 2371 defensionem
471 2318 568 2384 parunt
584 2308 773 2378 criminatione
799 2308 928 2379 dignam:

132 2386 174 2464 'Et
186 2407 257 2471 lame,
276 2406 371 2474 aiunt,
386 2414 414 2461 ct
429 2405 473 2460 illa
488 2404 565 2459 liunt.
578 2402 647 2471 Quid
664 2400 752 2457 dicis?
769 2415 823 2483 non
840 2402 930 2467 times,

138 2500 201 2555 dutn
215 2500 273 2556 lucc
287 2496 408 2571 profers,
423 2504 451 2553 ct
464 2510 565 2569 equos,
581 2494 689 2560 anulos,
706 2494 809 2561 tectos,
832 2508 931 2564 suppe-

137 2594 223 2650 danea
233 2608 294 2649 cum
308 2592 417 2648 Citristo
431 2592 566 2649 esuriente
578 2588 760 2646 annumeras?
776 2590 831 2644 imo
843 2590 933 2660 potios

138 2686 244 2749 nectum
253 2684 296 2739 bis
305 2683 413 2755 quidem
427 2683 513 2750 illum,
528 2683 575 2740 sed
586 2682 715 2754 majorem
730 2691 832 2754 partem
844 2682 930 2750 bisce,

136 2776 190 2848 ipsi
208 2792 273 2833 reru
296 2777 340 2831 uix
366 2777 499 2832 tantillum
525 2775 691 2847 impertiens.
724 2766 958 2851 Nescis'cmnia,

135 2868 298 2939 ipsius'esse
311 2877 338 2925 et
353 2876 379 2925 te
391 2878 419 2924 et
435 2869 500 2924 tcal
514 2882 548 2924 au
568 2868 676 2941 ignoras
689 2867 764 2929 illum
785 2878 813 2925 et
833 2883 933 2941 eorpus

62 2964 73 2985 ”
135 2958 322 3017 efformanisse
334 2969 361 3015 ct
380 2960 496 3015 animam
517 2959 643 3031 largitum
662 2974 745 3029 esse,
761 2968 789 3015 ct
803 2959 932 3017 mnndum

134 3060 224 3107 tottam
245 3052 434 3109 distribuisset
455 3053 495 3111 Tu
516 3068 583 3110 rere
604 3052 735 3109 tantillum
752 3053 860 3127 quidem
883 3056 935 3128 ipsi

134 3145 284 3214 retribuis;
309 3145 358 3202 scd
384 3148 407 3202 si
432 3161 541 3218 partam
561 3146 752 3209 domunculam
779 3148 931 3218 leomeris,

132 3243 289 3299 condictam
312 3260 445 3302 sntamam
460 3243 562 3318 exigis‘3
586 3258 694 3304 etcum
715 3251 845 3306 creaturis
862 3251 933 3308 illins

97 3399 100 3404 ¹
135 3338 266 3394 erunibus
285 3339 397 3417 fruaris,
423 3349 450 3396 et
473 3349 575 3396 tanturn
602 3342 695 3398 orbem
721 3342 876 3411 inhabites,
901 3361 935 3402 ne

133 3447 248 3504 paruum
270 3434 379 3505 quidem
401 3434 439 3490 illi
462 3435 613 3516 mercedem
635 3434 701 3492 dare
724 3439 859 3505 sustines,
886 3440 934 3498 sed

44 3595 45 3606 ἵ
132 3525 172 3582 ad
187 3540 283 3580 tanam
300 3527 412 3598 gloriam
433 3537 460 3584 et
475 3537 501 3585 te
516 3538 543 3584 et
558 3537 602 3586 tua
624 3531 714 3587 omnia
729 3532 860 3602 capiendis
876 3551 883 3590 :
900 3550 934 3593 ex

133 3633 205 3672 naua
221 3618 293 3676 enirn
306 3621 390 3689 gloria
405 3621 492 3676 omnin
507 3623 633 3694 pendent.
657 3624 750 3697 licque
764 3628 836 3684 euim
849 3645 934 3702 equus

133 3709 236 3766 melior
257 3711 299 3766 vel
323 3711 459 3768 roboratior
479 3725 521 3770 est
541 3715 591 3770 boc
614 3717 719 3773 cinctus
741 3730 857 3788 ornatu,
884 3738 934 3780 nee

132 3818 222 3874 eques
234 3805 414 3873 praestantior,
429 3806 477 3863 sed
498 3821 696 3879 nonnumquam
708 3809 780 3867 ‘ltirte
789 3801 875 3885 ut‘agis
888 3814 935 3871 de-

132 3895 243 3965 spectui
257 3895 380 3952 lratretur.
392 3897 465 3954 llnlti
478 3909 593 3972 narrtquc
602 3900 685 3957 misso
694 3917 799 3960 sessore
808 3905 843 3961 ad
852 3922 933 3962 orna·

131 3995 195 4042 tntu
211 3987 273 4057 equi
287 3990 380 4045 acidos
392 4000 571 4060 convertunt,
588 4007 692 4070 necnon
707 3994 741 4051 ad
756 3997 870 4055 tumulos
886 4015 932 4056 sc·

130 4085 252 4156 quemes
264 4089 290 4135 et
303 4091 466 4150 praeeuntes,
482 4097 582 4155 cosque
595 4086 640 4156 qui
659 4087 763 4144 turbam
776 4079 932 4162 depellunt:

130 4185 200 4226 eum
217 4186 281 4228 tero
293 4173 337 4244 qui
351 4172 404 4228 illis
418 4174 530 4246 stipatur
540 4176 663 4244 oderunt,
681 4187 709 4234 et
722 4188 750 4235 ot
762 4195 932 4239 errntmnuem

131 4261 244 4318 bostem
268 4272 436 4321 aversantur.
459 4269 494 4322 at
515 4282 568 4324 uon
582 4267 635 4325 boe
646 4269 777 4346 contingit
790 4288 853 4329 eum
876 4277 933 4331 aui.-

130 4369 211 4410 mnm
230 4369 367 4426 exornas;
389 4357 437 4414 sed
459 4358 601 4429 ltomines,
623 4361 712 4432 angeli
726 4371 755 4418 ει
769 4363 932 4435 ,artqelornm

129 4445 276 4514 Dominus,
294 4445 520 4531 denique-,omnes
535 4451 582 4506 tibi
597 4466 725 4510 coronam
741 4464 862 4511 nectunt.
879 4455 933 4514 lta·
974 4469 976 4474 ’

129 4553 189 4610 que
202 4539 228 4596 si
239 4540 352 4612 qltrriam
367 4557 462 4611 arnas,
477 4559 512 4598 au
526 4541 559 4598 iis
572 4558 633 4615 quac
648 4559 719 4600 autre
734 4544 798 4602 lacis
811 4547 929 4616 absiste,

140 4694 534 4714 ,Ἥ

691 402 721 481 iu
742 426 847 482 anisa.
870 424 915 480 ran
934 424 1015 479 noar.
1038 426 1152 484 nosrta.
1174 430 1229 486 atr.

1728 442 1781 499 tet

987 543 1167 614 predonum,
1181 546 1474 615 sedauiruameroraa.
1490 565 1519 609 ut
1534 554 1572 610 sis
1585 554 1741 625 splendidos
1752 567 1784 615 ct

989 632 1111 695 illustris.
1131 636 1208 697 nanc
1219 648 1293 697 certe
1307 640 1379 722 uitur
1390 650 1417 700 te
1429 643 1508 700 uilius
1522 644 1674 717 inerit‚'qtri
1686 646 1783 708 deser-1

988 737 1042 784 tam
1056 728 1140 788 babes
1153 726 1288 803 animam,
1302 742 1331 791 et
1342 733 1438 794 domus
1452 737 1677 809 pctcnrtuutasm
1686 744 1780 800 osten·

987 834 1038 879 tes.
1058 823 1087 882 Si
1101 841 1164 883 vero
1177 827 1248 886 dicta
1260 823 1324 889 mea‘
1334 848 1388 888 nort
1403 828 1538 904 sustines,
1553 837 1615 892 audi
1630 835 1694 909 qnid
1704 845 1782 895 exte

986 929 1078 971 rorum
1090 917 1224 989 quispiam
1236 921 1340 992 iecerit,
1365 934 1392 979 et
1406 936 1432 982 te
1445 926 1543 997 pudeat
1552 928 1594 985 vel
1608 928 1783 999 erteraepbt·

986 1008 1126 1082 losoplriae.
1160 1013 1291 1071 Narratur
1309 1017 1415 1074 illorum
1437 1021 1590 1092 quempiam
1616 1021 1644 1077 iu
1659 1020 1780 1077 'domurn

986 1104 1153 1175 splendidam
1164 1108 1280 1176 uenisse,
1293 1108 1440 1182 fulgentem
1452 1112 1630 1172 marmoribus
1640 1123 1668 1171 et
1678 1115 1784 1187 colum·

985 1211 1081 1253 narum
1095 1198 1291 1270 pulchritudino
1303 1220 1311 1267 ;
1324 1218 1385 1259 cum
1399 1206 1489 1261 ιιιιιειιι
1505 1205 1686 1276 pauimentum
1698 1207 1781 1264 etiam

988 1288 1101 1345 uitlisset
1113 1292 1246 1361 tapetibus
1260 1301 1391 1362 stratum,
1415 1296 1443 1350 in
1458 1297 1552 1353 taciem
1560 1296 1669 1368 ‘donnini
1683 1298 1784 1355 acdinm

986 1381 1144 1453 conspuisse
1154 1381 1210 1454 cle)
1223 1383 1422 1454 improperante
1437 1396 1526 1443 autem
1539 1387 1587 1445 illo
1599 1390 1783 1461 respondisse,

985 1470 1047 1541 quia
1060 1471 1086 1525 ln
1100 1472 1174 1527 nulla
1188 1473 1240 1528 alia
1254 1473 1350 1531 domos
1362 1484 1439 1547 parte
1451 1477 1478 1533 id
1493 1479 1580 1535 lacere
1591 1462 1688 1536 licebat
1699 1522 1707 1546 ,
1720 1494 1784 1538 coe·

985 1570 1058 1618 ctum
1070 1562 1101 1618 'se
1113 1564 1195 1621 inisse
1207 1567 1290 1622 anltni
1302 1569 1386 1638 ipsius
1397 1569 1662 1646 ltanccontmneliam
1672 1572 1781 1634 interce.

986 1652 1082 1709 llidca'
1094 1668 1173 1725 qaam
1194 1658 1321 1715 ridiculus
1333 1660 1368 1716 sit
1390 1662 1422 1727 is,
1447 1664 1493 1734 qui
1517 1672 1721 1733 catemaoraat
1733 1707 1742 1733 ,
1754 1676 1786 1723 et

985 1759 1065 1814 quam
1076 1742 1147 1816 apud
1157 1760 1251 1805 omnes
1261 1760 1352 1808 mente
1363 1752 1485 1809 valentes
1491 1753 1630 1826 despectui
1642 1756 1787 1813 ltabenturi

986 1837 1021 1892 Et
1032 1839 1141 1909 quidem
1153 1841 1215 1911 jure
1235 1844 1341 1900 merito.
1363 1844 1456 1917 licque
1473 1848 1545 1903 euim
1560 1848 1675 1920 siquis,
1698 1865 1784 1907 uxore

985 1937 1031 1986 tna
1043 1931 1070 1985 ln
1085 1930 1174 1988 lacero
1187 1943 1216 1988 et
1230 1935 1275 1989 tili
1290 1935 1381 1993 babitu
1396 1939 1506 2009 relicta,
1520 1926 1784 2013 ancillassplendida

986 2034 1061 2081 reste
1072 2026 1261 2095 circumdaret,
1277 2028 1306 2108 id
1317 2045 1395 2102 aequo
1408 2034 1498 2089 animo
1511 2032 1605 2101 terres,
1622 2034 1671 2092 sed
1682 2050 1781 2098 exmo-

986 2118 1121 2183 dcsecres,
1137 2120 1218 2192 idque
1228 2136 1277 2192 pro
1290 2139 1394 2179 summa
1407 2128 1572 2183 contumelia
1585 2128 1711 2204 haberes.
1725 2130 1781 2185 lloc

985 2220 1012 2267 ει
1025 2210 1059 2266 de
1072 2212 1161 2267 anima
1174 2222 1219 2268 tna
1233 2216 1329 2285 cogita.
1346 2214 1414 2271 Cum
1428 2218 1505 2289 caim
1516 2234 1626 2287 utores,
1645 2222 1778 2293 pavimen·

985 2312 1053 2369 ttrm,
1069 2306 1302 2381 supellectilemfct
1317 2309 1420 2381 reliqua
1435 2315 1527 2387 omnia
1539 2329 1667 2380 exornes,
1680 2315 1783 2385 largam

985 2411 1051 2453 vero
1069 2396 1266 2471 eleemosynam
1286 2415 1339 2455 non
1358 2403 1471 2473 eroges,
1494 2418 1545 2459 uec
1567 2404 1647 2460 aliam
1665 2406 1785 2476 ptuloso·

985 2490 1076 2560 pisiam
1098 2506 1246 2559 exerceas,
1268 2492 1335 2548 niltil
1359 2494 1448 2564 aliod,
1463 2511 1544 2567 quam
1566 2498 1594 2554 id
1614 2498 1686 2571 quod
1707 2499 1784 2570 diri,

986 2579 1070 2648 lacis;
1094 2584 1148 2636 imo
1166 2583 1304 2653 quidpiam
1328 2586 1407 2658 louge
1427 2590 1546 2659 granius.
1568 2589 1635 2646 Nam
1657 2592 1784 2647 ancillam

986 2674 1058 2730 iuter
1068 2682 1095 2730 ει
1105 2663 1241 2741 ιΙοιιιίιιειιι
1253 2676 1358 2734 nullom
1368 2689 1409 2735 est
1418 2680 1574 2750 discrimen,
1587 2683 1658 2761 iuter
1666 2685 1797 2741 antimum

986 2780 1052 2823 rcro
1063 2775 1091 2823 et
1104 2782 1213 2823 carnem
1224 2784 1318 2841 magua
1329 2782 1372 2828 εει
1382 2773 1543 2831 dlllereotiu.
1558 2775 1634 2845 erod
1644 2778 1667 2831 si
1680 2778 1716 2835 ita
1729 2788 1797 2843 cst.

987 2859 1073 2914 multo
1086 2861 1170 2931 mepta
1184 2862 1254 2917 inter
1267 2863 1385 2920 animam
1398 2876 1426 2922 et
1437 2864 1566 2935 dotnnm,
1584 2869 1654 2925 inter
1664 2870 1783 2925 animam

987 2953 1119 3009 ellectum
1130 2957 1786 3033 acsuppedaneum.Quaerqodiqnnsdeiensione

987 3042 1089 3114 lucris,
1110 3048 1154 3118 qui
1170 3048 1228 3105 baec
1241 3051 1331 3106 omnia
1344 3061 1457 3123 argento
1467 3064 1615 3126 westegata,
1631 3055 1704 3111 illam
1719 3071 1785 3113 uero

988 3138 1215 3218 neqliqaspaanis
1229 3140 1327 3199 laceris
1338 3155 1471 3215 opertam,
1486 3146 1649 3218 squalidam,
1662 3148 1785 3204 esurien-

988 3243 1063 3302 tem,
1080 3235 1164 3306 plagis
1178 3235 1326 3307 refertam,
1350 3252 1365 3294 a
1385 3240 1461 3296 mille
1476 3241 1589 3297 canibus
1601 3240 1762 3312 discerptam
1774 3260 1784 3311 ;

987 3335 1016 3382 et
1026 3336 1118 3398 postea
1129 3337 1207 3398 putes
1217 3329 1336 3400 tepluria
1348 3330 1464 3387 allicior
1475 3333 1786 3405 urnatucircnnnpositot

988 3418 1014 3474 id
1029 3419 1099 3490 quod
1111 3435 1225 3477 summae
1238 3432 1280 3478 εει
1294 3424 1435 3490 ntuentium
1452 3425 1525 3496 quod
1538 3442 1636 3497 nempe
1646 3443 1708 3483 cunr
1722 3427 1786 3484 irri-

987 3510 1097 3578 deoru,
1128 3498 1393 3586 contumeliamque
1417 3517 1517 3586 probro
1537 3517 1683 3584 alliciaris,
1704 3531 1732 3576 et
1758 3521 1786 3576 itt

987 3600 1106 3658 dedecus
1118 3612 1145 3658 ct
1158 3603 1186 3658 iu
1204 3615 1355 3661 extremum
1368 3597 1432 3663 binc
1445 3608 1607 3679 supplicium
1617 3611 1741 3676 incidas.
1757 3612 1786 3668 in

987 3693 1031 3752 bis
1042 3695 1131 3753 adbuc
1145 3697 1191 3752 tibi
1213 3699 1334 3768 placeas.
1355 3700 1536 3769 Qttatncbrcm
1549 3718 1600 3758 oro
1611 3711 1640 3785 ct
1653 3703 1784 3771 obsecro,

988 3787 1047 3843 ltaec
1058 3789 1148 3844 ottania
1160 3791 1309 3860 cogitantes
1321 3791 1362 3847 tel
1376 3792 1562 3856 seramudem
1575 3794 1779 3865 resipiscamus,
1877 3801 1880 3805 ’

987 3886 1015 3933 ει
1034 3879 1067 3934 ιιι
1088 3895 1137 3936 nos
1150 3880 1309 3947 redeamus,
1329 3893 1508 3955 cretatumque
1521 3885 1597 3954 'tllnm
1612 3885 1647 3939 ab
1660 3885 1781 3942 externis
1837 3945 1841 3952 ,

987 3970 1020 4026 ad
1036 3955 1151 4028 animatu
1163 3955 1356 4030 transieramus
1370 3992 1378 4031 a
1391 3975 1513 4031 sicenim
1526 3975 1642 4033 intactus
1651 3978 1784 4043 manebit.

986 4077 1020 4118 ac
1033 4078 1082 4119 nos
1095 4065 1196 4135 arrqelis
1208 4080 1287 4136 pares
1296 4065 1402 4146 reddet,
1418 4053 1618 4138 immobiliaque
1628 4070 1787 4132 conciliabit

986 4155 1057 4212 bona
1073 4175 1080 4210 ε
1095 4173 1155 4228 qnae
1168 4159 1246 4214 uotis
1258 4160 1384 4227 ornatibus
1402 4159 1509 4229 assequi
1527 4161 1684 4232 coartioqat,
1697 4164 1783 4235 qratia

987 4235 1015 4305 et
1027 4249 1192 4319 benignitate
1205 4252 1309 4306 llomini
1326 4252 1409 4307 nostri
1422 4251 1488 4308 lesu
1499 4243 1622 4321 Christi,
1642 4256 1686 4315 etti
1699 4257 1793 4328 gloria
1809 4316 1816 4326 ,

975 4341 1013 4396 in
1028 4342 1126 4398 smcttla
1140 4345 1312 4399 seculorum.
1322 4345 1426 4400 buten.

986 4521 1127 4649 “Qasr
1144 4522 1190 4574 tna
1207 4489 1351 4588 insuppoa'.
1372 4523 1436 4576 nuc
1451 4508 1593 4590 muman
1614 4529 1738 4580 aarum
1758 4529 1786 4581 ta

836 4783 1006 4849 Hotdlua
1030 4786 1099 4850 Xll.

125 4919 200 4980 'Late
222 4919 250 4976 c.
269 4936 295 4976 r.
320 4918 364 4976 te.
389 4919 535 4978 llumauuut
557 4925 613 4984 dico
635 4935 738 4997 propter
758 4928 933 4998 iufirtrtitotcm

169 5013 259 5067 curuis
272 5015 371 5070 oestroess
388 5013 462 5070 Sicut
476 5009 541 5071 cuitu
557 5018 704 5075 mulieratis
722 5019 835 5077 membro
847 5025 932 5080 curuis

169 5115 261 5160 ocatroe
276 5109 367 5162 seruire
381 5111 548 5168 itutrtttntlt'titc
559 5122 583 5166 et
602 5113 730 5182 iniquitati
753 5118 786 5171 att
808 5117 931 5189 istiqut'to·

167 5207 243 5252 tetra:
257 5199 293 5254 tic
303 5209 326 5254 et
340 5217 406 5269 nuuc
418 5203 530 5258 exbibete
541 5205 652 5260 nacmluo
664 5215 745 5264 oestro
754 5212 846 5266 scrobe
852 5213 931 5284 justi·

166 5290 214 5343 ttoe
227 5291 253 5344 t'u
267 5293 518 5361 sanctificationem.-

168 5383 197 5440 ι’.
221 5385 365 5458 Postquam
381 5403 504 5460 maguam
524 5393 613 5462 exegit
628 5394 688 5448 vitae
703 5408 812 5461 curam,
834 5396 932 5467 jubens

117 5490 193 5533 esse
208 5485 332 5536 mortuos
344 5479 444 5536 tuendo
457 5495 489 5536 ac
502 5483 625 5545 malitiae,
641 5494 668 5539 et
683 5486 809 5542 immotos
824 5501 932 5546 manere

116 5568 265 5628 aduersos
280 5582 450 5642 peccaturum
462 5575 646 5646 operationem
657 5617 664 5641 ,
680 5578 808 5650 nisusque
819 5589 861 5637 cst
873 5596 930 5636 ma·

114 5677 217 5734 guum
232 5665 368 5737 quidpiam
389 5674 511 5738 etqrare
523 5665 613 5738 loqui,
627 5669 699 5740 quod
720 5671 862 5726 itomanam
884 5687 931 5728 su·

113 5766 213 5829 peret
228 5769 367 5825 traturatn;
384 5767 414 5814 ut
425 5759 549 5816 ostendat
561 5774 590 5816 se
606 5759 672 5816 nibil
686 5776 833 5818 onerosum
850 5779 933 5834 expe·

114 5861 211 5919 tere,
235 5867 323 5924 oeque
337 5862 466 5924 quantum
478 5842 609 5925 prae'stare
629 5863 766 5934 oporteret
779 5861 861 5924 edre,
885 5858 931 5928 qni

84 5973 88 5978 -
116 5951 212 6000 tttttto
236 5945 308 6000 douo
333 5942 439 6010 iracitur.
465 5945 514 6006 ted
535 5947 614 6004 raldo
636 5947 803 6006 moderatum
826 5961 852 6008 et
871 5952 932 6011 lene

987 4929 1143 5002 postulare:
1158 4928 1214 5001 jam
1229 4943 1245 4985 a
1260 4931 1404 4987 contrariis
1417 4931 1470 4987 boc
1481 4933 1570 5004 ipsom
1583 4931 1690 5003 probat,
1704 4941 1732 4991 et
1745 4935 1785 4991 ait

986 5019 1138 5077 Humanum
1149 5021 1228 5088 dico,·
1241 5036 1273 5079 ac
1286 5023 1308 5078 si
1323 5023 1439 5092 diceret,
1455 5024 1490 5080 ab
1504 5023 1629 5082 humanis
1642 5027 1784 5099 cogitatio·

986 5115 1080 5182 nibus,
1101 5115 1182 5172 abiis
1204 5131 1266 5187 qnae
1279 5128 1408 5174 consueta
1431 5126 1494 5174 sunt
1509 5137 1516 5174 :
1533 5119 1643 5175 modum
1667 5135 1784 5192 namque

985 5206 1095 5263 nomine
1106 5204 1216 5262 lrunrani
1231 5207 1375 5264 declarat:
1390 5225 1452 5265 nam
1466 5215 1494 5265 et
1505 5209 1571 5266 alibi
1584 5209 1650 5268 dicu
1664 5229 1672 5268 :
1688 5209 1783 5277 Teuta·
1818 5241 1822 5249 ¹

985 5299 1020 5354 tio
1032 5313 1076 5353 ros
1087 5315 1139 5354 uon
1151 5299 1244 5354 irruerit
1259 5299 1309 5354 uisi
1329 5299 1441 5354 duntona
1455 5300 1494 5372 (l.
1508 5299 1567 5356 Cor.
1583 5301 1629 5359 ill.
1645 5301 1707 5375 l5);
1732 5305 1784 5360 boc

984 5401 1036 5458 est,
1050 5390 1187 5447 moderata
1199 5401 1228 5448 et
1240 5405 1333 5463 parra.
1345 5389 1419 5448 Sicut
1432 5394 1499 5449 enim
1509 5388 1657 5451 &diluistis
1671 5399 1784 5452 atterutro

984 5496 1068 5542 oestro
1079 5487 1172 5543 seruire
1184 5486 1355 5543 immunditie
1366 5497 1390 5543 et
1400 5487 1530 5561 iniquitati
1544 5490 1580 5546 cd
1598 5493 1757 5564 iuicpritotenr
1774 5509 1785 5548 .·

983 5580 1019 5634 itu
1030 5596 1098 5636 nttuc
1111 5581 1226 5637 exbibete
1233 5582 1345 5636 uteurlrn'
1357 5586 1539 5638 oestruseroire
1550 5572 1711 5656 ‘justitioe‘od
1726 5603 1783 5641 ron·

983 5673 1172 5742 ctificurioacm.
1184 5674 1264 5745 Atqui
1279 5675 1393 5755 multum
1408 5685 1451 5731 cst
1463 5674 1588 5733 domitios
1602 5678 1673 5735 iuter
1686 5679 1782 5734 discri-

984 5781 1046 5822 men
1056 5783 1065 5834 ;
1076 5776 1193 5822 attamen
1207 5768 1446 5837 paremscrvnotis
1455 5769 1564 5826 modum
1576 5771 1782 5843 requiro.0por·

984 5862 1057 5920 tobat
1071 5861 1178 5934 quidem
1188 5863 1273 5918 multo
1286 5863 1346 5933 plus
1355 5861 1498 5931 aberrem
1509 5855 1666 5940 tanto'plus,
1678 5874 1781 5939 quanto

983 5955 1137 6013 dominatus
1161 5954 1205 6012 laic
1226 5953 1314 6027 major
1338 5955 1488 6032 meliorque
1510 5965 1553 6016 est
1570 5955 1639 6016 illo:
1659 5967 1779 6019 suanm
