4084 6350
154 343 207 403 nnn
633 339 666 397 m
702 337 795 397 scra
813 333 1080 394 nrosronunuu.
1101 337 1217 394 noctu.
1238 337 1310 398 xxi.
1744 343 1796 404 tot
1826 309 1828 312 ’

151 452 944 527 cranam.ttrntmunrtnnnn.untpmprerrtmonm,
999 451 1058 505 riro
1073 449 1158 519 ddes,
1173 454 1390 527 quandoquidem
1407 471 1461 515 non
1481 469 1628 533 exegerunt
1650 478 1665 518 n
1685 463 1793 523 claudo.
1836 473 1838 478 ’

119 547 125 581 ·.
152 554 262 610 mmm
276 561 378 616 mm,
398 557 428 606 „q
445 548 583 620 vapicen,
597 557 626 606 et
638 550 664 606 tn
677 548 792 618 rnuonir,
812 557 905 621 utpote
917 547 945 605 in
998 539 1231 610 Quemadmodum
1255 547 1337 620 igitur
1355 559 1383 609 et
1404 549 1528 610 cbristus
1554 554 1633 612 initio
1656 559 1793 630 rigrrnrum

151 644 237 718 patria
247 659 307 701 sua.
325 642 500 711 Videautem,
514 640 649 716 quomodo
658 658 714 700 non
723 644 813 699 omnia
826 658 875 717 per
885 657 947 714 gra-
999 634 1080 693 iidem
1093 653 1147 696 non
1161 642 1285 714 exigebat
1297 662 1305 702 r
1318 645 1359 702 sic
1370 662 1456 720 neque
1467 649 1521 707 isti.
1532 649 1709 723 lerosotpmts
1720 658 1793 714 eninr

152 738 216 793 tiam
230 735 306 804 baaru,
319 734 368 794 red
382 735 519 808 permittat
533 734 615 801 Deus,
629 744 661 792 ut
673 736 758 794 multa
767 751 803 794 en
816 736 948 808 snpientia
1000 727 1067 788 lldes
1075 735 1173 791 merito
1183 737 1258 808 prius
1267 740 1442 812 exigebatur:
1456 743 1526 802 unde
1536 753 1564 803 et
1574 755 1685 820 propter
1695 750 1793 823 ddum,

150 841 240 888 suaet
253 833 370 886 bumano
389 842 465 887 more
478 830 643 902 dispensent
657 829 687 888 st
697 839 786 888 autem
797 830 824 885 ln
838 831 897 900 ipso
907 829 947 886 l’a·
999 833 1132 897 quotquot
1143 830 1245 888 morbis
1256 832 1463 908 detinebantur,
1474 840 1501 896 in
1515 840 1567 898 uiis
1579 846 1794 918 exponebantur,

150 933 223 982 ctum
235 933 277 982 eat
289 911 351 993 boc,
366 923 452 981 multo
464 925 550 996 magis
562 925 589 981 ln
603 924 667 982 illis.
681 925 815 982 Permittit
827 938 904 995 erqo,
917 933 948 982 nt
1000 928 1028 975 ut
1042 921 1173 981 uenientis
1192 925 1264 984 l‘etri
1283 929 1379 988 saltem
1397 934 1491 991 umbra
1510 939 1663 1009 quempiam
1686 943 1793 1002 illorum

132 1017 309 1099 'ignavorum
321 1018 638 1076 Memmufemffl,
657 1017 947 1091 &damper
998 1009 1183 1072 obumbraret.
1204 1017 1285 1076 blnlta
1299 1023 1371 1079 enim
1392 1025 1446 1083 illic
1465 1030 1540 1102 signa
1559 1031 1726 1105 edebantur;
1751 1040 1795 1100 hie

151 1119 230 1166 mm
241 1106 361 1166 Meam
375 1119 399 1164 a
413 1108 560 1167 gamm
570 1126 660 1183 mm
673 1110 808 1176 puppim,
822 1120 846 1168 a
859 1111 945 1180 oentfi.
997 1112 1088 1160 antem
1104 1105 1156 1163 boe
1170 1109 1284 1178 primum
1297 1116 1420 1186 curttiqlt.
1433 1119 1500 1177 Nam
1513 1123 1587 1196 siqua
1607 1127 1659 1185 alia
1678 1131 1712 1187 ad
1726 1131 1793 1190 alios

92 1193 96 1200 '
150 1200 285 1268 rabuntur,
303 1201 423 1269 ibuntque
435 1204 463 1257 in
476 1202 567 1259 timore
581 1201 703 1271 Domini,
728 1213 753 1259 et
774 1203 947 1262 consolation,
998 1191 1155 1254 alliciendos
1168 1199 1336 1274 edebantur,
1352 1207 1404 1262 alia
1426 1211 1460 1267 nd
1481 1214 1647 1276 credentium
1667 1226 1794 1282 consola·

151 1294 264 1366 symm
277 1296 361 1350 mm·
373 1293 546 1367 replebamur·
561 1295 687 1354 mmm
700 1305 743 1354 ω
756 1297 792 1356 de
806 1297 877 1354 pepp
889 1298 945 1354 (qs.
998 1285 1110 1345 tionem.
1124 1291 1169 1346 56.
1191 1292 1225 1350 ln
1247 1293 1333 1369 ioppe
1358 1311 1442 1357 nutem
1461 1307 1510 1376 [nit
1530 1311 1647 1381 quaedum
1668 1315 1796 1389 discipula

149 1403 227 1446 W
241 1389 275 1444 ad
289 1397 407 1446 mm·
423 1389 462 1447 Ne
480 1391 540 1463 quis
562 1406 627 1463 ⁰⁸8⁰
645 1401 751 1465 „mm
771 1393 798 1450 jd
817 1408 850 1450 θ,
870 1403 945 1451 mem
998 1381 1102 1438 nomine
1115 1383 1241 1454 tuttrtun,
1256 1405 1313 1462 quur
1325 1392 1347 1446 ai
1361 1393 1552 1467 iuterpretatur,
1577 1404 1670 1462 dicitnr
1683 1408 1792 1469 liorem.

150 1483 324 1556 ”meum
348 1483 435 1555 primo
456 1495 548 1540 mm,
566 1494 597 1542 u,
616 1499 647 1542 ω
660 1485 792 1543 haberem
805 1487 943 1556 Ecclesiae
1000 1469 1064 1528 Hoec
1075 1485 1130 1531 erut
1143 1477 1219 1548 plenu
1233 1481 1350 1552 operibat
1364 1486 1454 1557 boarit,
1477 1501 1501 1545 et
1524 1493 1707 1570 eleemosynis,
1731 1519 1795 1575 quus

150 1574 295 1633 osterdeus
308 1575 395 1647 ipsum
409 1574 623 1647 persequutionis
636 1586 756 1650 tempore
769 1579 945 1652 ierosolymae

150 1670 282 1726 mansisse
293 1686 301 1724 ε
311 1683 374 1726 cum
387 1677 477 1725 autem
491 1671 518 1728 in
534 1679 592 1726 tuto
603 1680 682 1728 erant
692 1672 791 1744 ubique
803 1673 942 1739 Ecclesiae,
966 1720 970 1726 .

151 1770 216 1820 tuuc
227 1761 424 1836 ierosolymam
437 1762 596 1834 reliquisse;
611 1765 679 1822 adeo
694 1765 803 1824 feruens
815 1777 843 1825 et
855 1767 945 1824 alacer

149 1864 218 1910 erat.
232 1853 290 1910 Nou
303 1855 375 1911 enim
388 1855 450 1926 quia
465 1864 598 1927 parerat,
613 1858 723 1928 putabat
737 1875 790 1916 non
804 1873 872 1932 opus
882 1875 945 1916 esso

149 1959 200 2000 uuo
212 1945 339 2002 aduentu.
353 1945 387 2002 Et
402 1961 462 2020 eur,
475 1947 591 2018 inquies,
607 1948 633 2005 id
645 1948 719 2018 lacit,
730 1952 857 2024 uenitque
871 1953 944 2023 pacis

150 2046 282 2108 tempore,
295 2048 323 2096 ct
335 2047 475 2112 postquam
488 2038 588 2097 Paulus
596 2041 718 2099 abieram
731 2043 799 2112 Quia
811 2045 873 2100 illos
883 2061 942 2100 mo·

150 2127 222 2187 xime
239 2129 437 2186 venerabantur
450 2131 471 2199 ¹,
493 2141 585 2203 utpote
604 2132 649 2204 qui
668 2149 740 2206 saepo
753 2136 896 2206 adessent,
916 2147 945 2194 et

149 2221 313 2279 multitudini
327 2223 482 2292 mirabiles;
498 2225 571 2282 illum
585 2241 651 2284 uero
663 2231 892 2297 contemnebant,
916 2242 944 2290 et

149 2314 176 2372 iu
190 2331 253 2374 eum
267 2302 353 2390 magis
367 2315 609 2392 exasperabantur.

183 2407 212 2464 2
226 2407 321 2466 Petrae
340 2412 413 2483 quusi
434 2417 489 2468 uua
505 2413 629 2470 cirraibm
648 2416 760 2475 ordiner.
773 2447 810 2460 -
822 2418 943 2476 Vidistin·

148 2501 284 2570 quomodo
298 2517 349 2572 pax
363 2502 463 2560 bollum
477 2515 589 2576 serpuuta
602 2506 660 2563 siti
680 2508 735 2565 imo
749 2509 865 2565 vidistin·
879 2511 944 2582 quid

148 2591 243 2650 lecerit
257 2593 358 2651 beilum
372 2596 454 2653 ittudt
474 2597 606 2667 Dispersit
622 2599 747 2670 pucilleos
765 2603 835 2659 illos.
851 2603 880 2659 ln
894 2603 944 2660 Sa·

148 2686 233 2742 maria
249 2685 476 2758 pudoresuliusus
485 2699 527 2745 est
536 2691 648 2748 Simon:
663 2692 690 2750 in
702 2690 795 2750 ludica
804 2693 944 2766 Sappbirae

148 2790 229 2835 carus
242 2778 351 2836 accidit.
364 2780 422 2838 Non
439 2797 503 2855 erqo
522 2783 585 2854 quia
604 2798 655 2855 pax
676 2794 751 2853 erat,
764 2787 885 2842 renuissm
899 2802 944 2844 res

148 2879 245 2939 erunt;
258 2870 307 2928 sed
322 2871 383 2929 talis
396 2882 455 2930 erat
468 2889 535 2946 pax,
550 2891 610 2947 quae
631 2878 814 2935 consulatione
831 2878 945 2938 baberet

148 2974 230 3032 opus.
243 2961 289 3019 32.
303 2961 409 3020 turon
421 2974 458 3020 eat
468 2975 562 3031 uutnn,
576 2977 605 3022 at
621 2966 726 3035 Petrus,
737 2969 800 3025 darn
812 2981 943 3042 pertruun-

148 3053 197 3108 iret
223 3052 374 3122 ttniurrros,
395 3053 522 3112 deveniret
540 3057 575 3112 ud
593 3067 711 3125 mnctoa,
732 3062 777 3129 qai
797 3060 944 3119 dubitabunt

147 3141 256 3219 byrro.
275 3145 358 3217 Quasi
379 3148 433 3205 dux
456 3149 604 3222 circuibat,
623 3153 732 3211 ordiner
751 3155 942 3227 considerans,

148 3254 209 3311 qum
236 3255 299 3312 pare
319 3251 392 3299 esset
409 3243 575 3312 coadunata,
594 3261 655 3317 quae
674 3257 786 3317 orrrata,
809 3263 870 3321 quite
894 3264 944 3307 sua

148 3334 292 3403 presentia
306 3344 407 3407 eqeret.
424 3336 493 3395 vide
511 3338 586 3394 illum
608 3340 708 3411 ubique
726 3341 943 3400 circumcursan-

149 3435 223 3495 tem,
238 3436 268 3485 et
281 3430 398 3501 primum
413 3430 563 3488 inuentum.
580 3431 629 3489 Ubi
647 3432 786 3505 eligendus
806 3442 865 3492 orat
883 3450 945 3507 apo·

148 3520 254 3590 stolus,
268 3521 313 3579 bio
325 3524 430 3594 primus
442 3522 509 3592 luit;
521 3540 583 3581 cum
602 3524 744 3583 dicendum
766 3537 825 3583 erat
843 3526 944 3586 tuuaetr

148 3629 204 3671 non
227 3630 289 3673 esse
308 3618 400 3675 ebrios
419 3619 574 3688 apostolos,
599 3633 659 3675 eum
679 3620 790 3677 claudus
809 3621 944 3677 sanandus

148 3705 216 3772 luit,
226 3708 334 3782 qruaudo
345 3710 559 3769 concionandum
568 3719 644 3779 erat,
654 3712 698 3769 bic
710 3721 774 3770 ante
786 3714 855 3771 alios
866 3721 942 3781 erat3

148 3800 256 3873 quando
269 3802 401 3875 agendum
416 3819 478 3861 curn
493 3804 646 3875 praelectis,
664 3805 773 3877 quando
789 3822 852 3863 cum
869 3806 943 3863 sna·

149 3894 286 3963 nia,com
300 3910 333 3953 ex
349 3896 443 3953 umbra
463 3896 618 3954 sanationes
638 3896 743 3953 flerent.
764 3896 816 3955 Ubi
836 3898 944 3969 pericu·

149 3983 206 4043 lum
226 3994 288 4054 ιιι,
313 3987 359 4045 bic
377 3988 472 4054 adest,
495 3998 524 4047 et
550 3990 594 4045 ubi
616 3989 738 4062 qondam
762 3990 945 4062 dispensanda

149 4086 231 4137 runt:
246 4080 292 4138 ubi
305 4094 371 4137 uero
384 4082 536 4153 tranquillae
548 4096 594 4139 res
605 4092 685 4148 sunt,
699 4082 726 4137 in
741 4084 876 4139 oonrmuui
886 4098 945 4139 om·

149 4186 219 4239 uest
233 4172 302 4229 adeo
317 4188 370 4231 non
390 4174 493 4243 appetit
511 4174 641 4245 majorem
664 4173 805 4232 bonorem.
826 4174 944 4231 Rursum

149 4280 213 4323 eum
235 4266 364 4324 miracula
389 4266 472 4323 cdere
488 4268 640 4338 oportebat,
662 4266 707 4323 ilie
726 4266 903 4338 prosiliebat:
918 4273 946 4321 et

150 4357 195 4416 bic
205 4358 303 4416 iterum
319 4359 377 4430 ipse
390 4373 439 4431 per
450 4374 481 4416 se
493 4358 616 4425 laborat,
630 4369 658 4415 et
672 4358 723 4415 iter
733 4358 797 4429 agit.
811 4356 857 4413 55.
869 4355 946 4412 lnce·

150 4449 189 4507 ttit
200 4432 285 4505 uutrnr
296 4448 332 4505 iit
346 4450 473 4507 bonrinnn
491 4450 628 4522 quendum
643 4450 746 4507 nomint
761 4447 891 4516 AEneurn,
913 4448 947 4503 nb

150 4542 226 4597 unnia
237 4552 294 4597 orto
302 4543 431 4614 iurantem
440 4544 469 4599 in
482 4543 607 4616 qrultuto,
626 4544 671 4614 put
691 4550 744 4597 erut
764 4539 922 4613 paralyticus
937 4557 947 4595 .·

151 4632 197 4690 bt.
211 4642 235 4689 et
246 4634 283 4688 uit
293 4633 334 4688 iili
348 4632 442 4688 Petrus
455 4649 465 4689 :
480 4632 578 4700 AEnru,
594 4642 669 4689 runut
682 4641 707 4688 te
719 4630 797 4689 Jerua
809 4630 924 4687 dbrirtur
937 4649 947 4685 .·

152 4738 244 4797 anrqr,
262 4734 287 4779 et
304 4733 388 4780 eterne
409 4724 463 4780 tibi.
485 4722 520 4780 m
539 4725 625 4781 rtatim
646 4724 767 4781 torreri.
780 4722 816 4781 m
829 4739 879 4781 cur
893 4740 947 4781 non

152 4816 320 4886 exspectavit
340 4816 389 4873 riri
408 4814 508 4885 iidem,
531 4831 583 4873 nee
602 4816 778 4889 interroqauit
800 4830 834 4872 an
858 4816 947 4874 curari

154 4907 257 4964 velleri
267 4908 338 4967 sino
351 4910 413 4982 quia
423 4911 457 4968 ad
468 4911 612 4970 multorum
622 4912 835 4969 consolationem
848 4909 950 4969 lactum

155 5006 199 5054 est
211 5001 378 5059 miraculum.
398 5001 490 5077 ltaque
511 5002 575 5060 audi
595 5013 724 5078 quantum
742 5005 848 5061 lucrum
864 5002 950 5060 :sub-

152 5088 242 5163 juuqit
255 5092 326 5148 cutim
341 5093 453 5154 diceus:
467 5096 512 5154 55.
525 5096 560 5152 tir
572 5096 688 5153 uiderunt
701 5112 804 5163 omnes,
817 5098 862 5169 qni
874 5095 949 5151 tnti-

155 5184 243 5242 imunt
255 5184 386 5260 Lpddoert
399 5190 541 5259 daemoni,
555 5192 598 5263 qai
608 5190 723 5249 contari
731 5198 790 5247 runt
805 5190 840 5244 ud
857 5188 950 5245 Duriti-

155 5294 227 5335 nan.
235 5280 309 5338 Bone
319 5282 360 5339 rie
368 5282 436 5338 dixit
448 5301 455 5340 :
467 5284 579 5355 iusignia
587 5284 659 5342 enim
669 5293 727 5340 erat
735 5283 794 5349 rir;
804 5295 950 5353 arqumen·

156 5379 267 5444 turrique
282 5372 330 5429 dat
343 5374 432 5445 siqui,
447 5373 519 5446 quod
533 5374 609 5430 tollat
620 5376 771 5447 grabatum.
787 5371 847 5431 lion
862 5374 950 5431 sotum

156 5464 228 5521 enim
241 5480 256 5520 a
269 5466 371 5524 morbis
384 5456 587 5538 liberaverunt,
602 5467 649 5523 aed
664 5468 747 5524 etiam
760 5481 822 5523 cum
837 5467 952 5523 uanitate

156 5556 229 5613 uires
241 5556 437 5628 praestiterunt.
459 5558 584 5631 Alioquin
600 5568 690 5615 autem
711 5558 830 5615 nondum
846 5558 953 5613 uirtutis

157 5658 214 5706 tue.
225 5650 302 5721 ripn
314 5650 464 5719 dederant3
479 5651 517 5707 ita
537 5659 566 5707 ut
583 5651 681 5708 merito
697 5664 752 5707 uon
772 5650 953 5721 erigeretura

999 1566 1116 1636 [uniebat.
1133 1570 1178 1627 57.
1194 1570 1305 1630 Furtum
1318 1589 1354 1632 ert
1366 1589 1450 1636 antem
1469 1584 1596 1642 indicitur
1613 1589 1666 1646 itti·
1679 1607 1707 1648 nt
1717 1595 1795 1666 infir·
1898 1589 1902 1597 ¹

998 1671 1068 1716 nrum
1088 1675 1236 1722 nroreretur.
1255 1667 1340 1736 Quum
1353 1689 1411 1728 cunr
1428 1677 1563 1745 luuirrrnt,
1582 1697 1720 1752 potnerunt
1738 1705 1796 1748 rum

997 1751 1026 1804 in
1041 1755 1185 1814 roenaenlo.
1208 1758 1254 1816 58.
1274 1759 1337 1817 Curua
1358 1773 1443 1821 autern
1458 1786 1537 1840 prope
1559 1783 1621 1828 erret
1642 1775 1736 1848 qudu
1760 1781 1797 1838 ud

997 1842 1100 1916 ioppen
1112 1885 1121 1915 ,
1143 1848 1264 1922 discipuli
1275 1857 1424 1926 audientur,
1443 1864 1511 1932 quod
1521 1863 1617 1922 Petrus
1628 1883 1691 1927 erret
1705 1875 1731 1929 in
1745 1892 1795 1948 eu,

998 1935 1121 1995 miserant
1135 1941 1200 1999 duur
1212 1945 1295 2012 uiros,
1311 1962 1428 2022 reportes
1441 1997 1448 2020 ,
1461 1957 1613 2026 nediffrrret
1623 1965 1706 2022 uenire
1718 1983 1797 2041 terque

998 2027 1033 2082 nd
1044 2028 1123 2098 tpnr.
1135 2030 1191 2090 Gur
1200 2048 1389 2107 exspectarunt
1399 2043 1486 2102 donec
1498 2056 1669 2111 moreretur?
1680 2071 1730 2114 eur
1741 2073 1796 2118 nott

998 2127 1061 2177 aute
1076 2133 1185 2194 rogatus
1201 2126 1251 2184 lnit
1270 2129 1387 2188 Petrus?
1405 2136 1545 2210 indignum
1571 2153 1695 2214 portantes
1713 2161 1795 2220 tutte.

997 2226 1059 2269 cum
1076 2215 1346 2290 philosopharentur,
1362 2226 1507 2301 discipulos
1525 2233 1558 2290 ad
1578 2252 1622 2294 res
1642 2239 1796 2312 liutiusmodi

997 2318 1127 2376 gratare,
1154 2318 1181 2367 et
1202 2326 1219 2366 a
1242 2315 1433 2383 praedicatione
1456 2322 1623 2384 abstrahere.
1644 2331 1710 2391 Nam
1734 2337 1797 2398 ideo

997 2393 1064 2450 dicit
1077 2411 1159 2470 pmpe
1173 2401 1277 2470 luisse,
1296 2414 1324 2462 ut
1341 2409 1465 2468 ostendat
1479 2415 1539 2473 illos
1553 2421 1629 2490 quasi
1642 2439 1699 2480 rem
1715 2443 1796 2486 occa·

998 2486 1074 2542 sione
1088 2488 1178 2546 obluta
1192 2495 1302 2564 petiisse
1317 2498 1326 2566 (
1338 2499 1469 2575 discipula
1483 2508 1554 2565 enim
1568 2524 1626 2568 erat
1636 2515 1658 2588 l,
1679 2533 1732 2576 non
1745 2536 1796 2580 au-

998 2583 1053 2632 tern
1069 2579 1204 2652 prmcipuo
1218 2583 1288 2643 loeo.
1303 2587 1351 2646 59.
1365 2591 1512 2665 Eururqrnr
1525 2611 1610 2659 nutem
1624 2604 1718 2666 Petrnr
1729 2615 1798 2670 uenit

998 2682 1057 2723 eant
1070 2669 1131 2727 illia.
1148 2671 1182 2728 Et
1197 2691 1255 2730 cnut
1269 2678 1408 2738 macularet
1424 2686 1553 2746 duamani
1572 2693 1647 2750 ilium
1664 2699 1692 2754 in
1712 2711 1798 2760 toenr·

998 2759 1097 2819 cninnr.
1114 2763 1171 2820 Non
1184 2779 1300 2840 rogant,
1314 2773 1362 2830 sed
1384 2791 1440 2833 rem
1465 2781 1502 2836 illi
1525 2787 1703 2860 permittunt,
1720 2807 1748 2852 ut
1761 2813 1797 2854 ex

999 2852 1090 2924 seipso
1111 2857 1194 2914 uitam
1216 2861 1255 2917 illi
1276 2861 1414 2935 largiatur.
1436 2869 1475 2928 lta
1495 2873 1538 2932 bic
1560 2879 1685 2950 impletur
1709 2886 1796 2958 illud,

999 2939 1170 3020 Eirentorynu
1186 2950 1274 3009 liberat
1287 2972 1305 3012 u
1317 2961 1417 3030 nrortc(
1431 2961 1492 3018 tut.
1509 2966 1552 3022 ld.
1566 2969 1615 3044 a).
1634 2973 1667 3028 m
1684 2979 1796 3036 ciream-

999 3046 1121 3096 atrternnt
1140 3041 1213 3100 illum
1233 3061 1320 3106 onrnra
1340 3051 1441 3123 otton,
1460 3057 1549 3128 tientes
1563 3071 1587 3117 et
1601 3070 1760 3128 ostendentes
1773 3089 1797 3130 er

999 3130 1100 3189 tunicor
1112 3144 1136 3189 et
1147 3145 1244 3209 trater,
1258 3157 1322 3213 quur
1335 3143 1444 3216 sumebat
1457 3146 1575 3221 iiorcua,
1591 3170 1650 3213 cunr
1662 3170 1724 3217 earet
1736 3180 1797 3221 eunt

998 3220 1062 3279 iilis.
1080 3224 1186 3284 lincunt
1199 3230 1308 3289 Petrum
1323 3250 1375 3303 eo,
1392 3240 1436 3295 ubi
1449 3252 1509 3299 erat
1529 3254 1633 3303 mortua
1655 3256 1795 3325 exposita:

998 3310 1071 3371 forte
1086 3328 1228 3390 putantes,
1244 3323 1282 3381 illi
1295 3326 1433 3399 quidpiam
1455 3332 1490 3388 ad
1511 3335 1707 3409 plrllosopbiam
1720 3347 1798 3405 cabl-

999 3409 1075 3469 bere.
1087 3412 1182 3471 l'idcn'
1192 3428 1291 3490 quauta
1304 3423 1424 3480 accessio
1435 3423 1503 3481 lauta
1514 3428 1548 3484 sit
1557 3430 1570 3483 i
1580 3430 1636 3489 Nec
1647 3436 1705 3493 sine
1715 3452 1796 3501 causa

999 3518 1099 3561 nomen
1114 3508 1235 3566 mulieris
1248 3513 1400 3582 protertur,
1424 3517 1472 3573 sed
1486 3528 1514 3574 ut
1528 3512 1686 3583 ostendatur
1707 3532 1796 3587 nomi-

998 3595 1042 3651 nis
1055 3611 1117 3655 cum
1134 3600 1189 3655 uita
1202 3605 1394 3673 consonantia;
1408 3608 1444 3665 ita
1467 3624 1565 3683 pompe
1583 3616 1647 3687 uigil
1668 3628 1697 3674 et
1714 3636 1798 3693 expe·

998 3686 1053 3745 dita
1063 3698 1122 3746 ertit
1133 3733 1141 3755 ,
1153 3700 1183 3748 ut
1193 3692 1290 3750 dorcas
1299 3697 1472 3771 sirecapreu.
1485 3702 1567 3761 llulta
1578 3708 1677 3781 quippe
1687 3714 1796 3771 ιιιιιιιίιιι

998 3795 1060 3837 eum
1075 3784 1181 3840 ratione
1193 3784 1311 3855 dantur,
1325 3797 1355 3846 ut
1369 3804 1441 3863 saepe
1452 3794 1531 3851 uobis
1544 3796 1672 3857 diximus.
1691 3801 1795 3874 Pleno,

998 3876 1104 3947 inquit,
1117 3887 1171 3934 erut
1182 3880 1254 3935 botrie
1264 3882 1382 3952 operibns
1394 3925 1401 3953 ,
1413 3894 1437 3941 et
1446 3886 1611 3963 eieentorqnir
1622 3934 1630 3959 ,
1641 3911 1704 3967 qaue
1716 3898 1797 3969 iume-

999 3966 1052 4022 bnt.
1068 3968 1194 4043 ilrrgnum
1213 3972 1333 4029 mulieris
1348 3980 1519 4045 encomium,
1536 3982 1668 4054 siquidem
1683 3997 1797 4062 utraque

999 4060 1040 4118 sie
1055 4059 1190 4131 iaciebat,
1212 4072 1241 4119 ut
1258 4067 1379 4138 utrisque
1399 4070 1478 4139 piena
1500 4082 1583 4129 essct.
1599 4074 1691 4133 Palam
1704 4088 1796 4141 autum

999 4165 1061 4224 est,
1078 4156 1150 4213 illam
1164 4159 1240 4229 prius
1253 4160 1385 4218 bonorum
1395 4178 1506 4232 operum
1520 4207 1527 4232 ,
1539 4166 1637 4225 deinde
1647 4170 1798 4248 eleemosy-

1002 4262 1097 4302 narum
1110 4263 1204 4304 curam
1218 4248 1354 4308 babuisse.
1365 4252 1430 4323 Qum
1439 4256 1566 4327 sarciebat,
1581 4260 1683 4332 inquit,
1699 4262 1798 4323 Dnrrur

1001 4354 1061 4392 cum
1080 4336 1132 4394 iilir
1152 4355 1264 4395 ommno.
1287 4342 1368 4397 llulta
1393 4343 1539 4403 bnrnilutas.
1554 4348 1614 4408 Nun
1638 4354 1709 4411 enim
1728 4358 1800 4417 sieut

1002 4444 1068 4511 nosj
1085 4430 1132 4489 aed
1146 4432 1227 4489 simui
1248 4448 1345 4491 omnes
1363 4446 1457 4507 erant,
1476 4454 1601 4512 magnam
1617 4444 1799 4523 eleemosynae

1001 4539 1095 4581 curam
1117 4524 1259 4583 habentes.
1284 4526 1330 4585 to.
1354 4526 1450 4599 Ejectt'r
1468 4544 1551 4589 nutem
1571 4538 1688 4597 ennium
1706 4546 1797 4615 soror,

1003 4616 1098 4674 Petrnr
1110 4634 1206 4689 ponetur
1219 4636 1303 4691 pennu
1315 4622 1397 4695 orauit
1411 4638 1421 4676 .·
1435 4634 1458 4679 et
1479 4641 1614 4683 conterent
1630 4630 1666 4684 ud
1686 4648 1798 4705 corpus,

1002 4712 1090 4767 dicit:
1106 4709 1215 4767 Tubitbu
1226 4754 1234 4777 ,
1246 4728 1332 4784 turpe.
1346 4712 1378 4768 tr
1393 4714 1440 4769 illu
1455 4720 1558 4787 apernit
1577 4720 1664 4776 oculor
1683 4740 1743 4779 ruer
1755 4766 1762 4790 ,
1776 4735 1800 4783 rt

1001 4808 1055 4862 ariao
1065 4805 1144 4862 Petro
1154 4808 1257 4863 resedit.
1268 4807 1324 4864 Cur
1333 4823 1428 4864 omnes
1437 4810 1510 4881 ejicit
1518 4812 1531 4867 i
1540 4811 1580 4869 lle
1593 4814 1719 4887 lacrymis
1730 4833 1797 4873 con-

1003 4886 1127 4955 turbetur
1140 4909 1168 4955 et
1181 4910 1330 4957 moveatur.
1347 4899 1381 4956 tta
1402 4903 1491 4974 positia
1514 4904 1618 4975 qerribnr
1641 4908 1730 4963 orauit.
1743 4908 1801 4967 lloc
1850 4978 1852 4983 ,

1003 5002 1062 5047 erut
1076 4992 1190 5049 tineosos
1204 4992 1335 5049 orationis
1350 4992 1488 5049 indictum.
1513 4996 1558 5051 ll.
1581 4994 1653 5051 Dona
1674 5009 1758 5054 nutent
1777 5000 1802 5059 ei

1002 5099 1126 5151 nrunnnr,
1142 5083 1236 5154 lnquit.
1252 5082 1302 5139 llio
1311 5084 1464 5156 singillatim
1477 5084 1596 5143 ostendit
1608 5088 1690 5144 uitam
1701 5130 1709 5159 ,
1722 5089 1802 5147 dein·

1003 5174 1093 5248 deque
1103 5174 1229 5231 uirtutem
1242 5174 1378 5233 inductam
1391 5218 1400 5245 ,
1412 5178 1491 5235 aliam
1505 5179 1588 5236 uerbo
1600 5222 1607 5250 ,
1617 5180 1696 5239 aliurn
1709 5200 1818 5251 turturum

1002 5267 1078 5325 Dunr
1088 5280 1173 5325 nutent
1187 5270 1210 5325 ei
1223 5286 1346 5339 nuntiant,
1370 5273 1447 5328 creuit
1473 5290 1539 5331 runt.
1563 5272 1598 5330 ttr
1614 5292 1672 5332 curn
1689 5286 1804 5335 umuaart
1822 5307 1824 5325 ι

1003 5372 1105 5421 rnnctm
1115 5373 1139 5418 et
1150 5362 1259 5432 uiduus,
1276 5366 1414 5437 nariqnuuit
1427 5381 1482 5421 eum
1497 5367 1579 5423 uiuum
1591 5409 1599 5435 ,
1613 5370 1673 5425 aliis
1687 5371 1719 5427 ud
1736 5387 1803 5429 con·
1825 5350 1835 5405 ἶ

1004 5458 1185 5524 solationem,
1208 5458 1279 5530 quod
1303 5474 1423 5516 sororem
1437 5464 1590 5533 acciperent
1602 5473 1630 5520 et
1644 5465 1805 5525 miraculum

1004 5550 1148 5617 uiderent;
1162 5550 1250 5606 uiduis
1260 5565 1323 5607 uero
1335 5550 1371 5607 ad
1382 5556 1572 5623 patrocinium.
1586 5558 1632 5613 li.
1647 5557 1745 5615 Notum
1757 5578 1806 5617 ua·

1006 5652 1056 5699 tem
1070 5647 1165 5717 suctum
1179 5651 1216 5699 ert
1230 5660 1276 5714 prr
1289 5644 1432 5699 nniumum
1452 5646 1574 5720 ioppen,
1597 5660 1621 5705 rt
1641 5651 1805 5709 crediderunt

189 5743 198 5775 ¹
216 5731 350 5795 duussnd.
369 5742 476 5796 babet..
497 5755 543 5794 etto
552 5744 668 5795 mumma.
680 5745 776 5795 alterat
787 5738 878 5793 rudus
887 5724 960 5792 erat·‘
1005 5738 1079 5793 inuniri
1088 5738 1115 5793 t'n
1125 5734 1552 5812 boimuntainrmnennnnm,
1561 5754 1589 5799 rtt
1598 5746 1807 5817 permultotdiet

158 5803 952 5919 irim.errlecejmtrbellanrwttrtutiu.tiimnmabnt'm

274 5904 282 5930 ‚
334 5904 342 5919 .

238 5931 270 5992 S.
291 5932 383 5994 loun.
407 5934 584 5995 llunusosr.
608 5932 668 5996 lx.
776 5926 780 5933 ’

1005 5841 1117 5888 rnrrnrret
1131 5832 1157 5886 in
1172 5830 1257 5903 ioppe
1269 5830 1338 5903 opud
1357 5830 1488 5890 Sitrtottrm
1506 5836 1642 5905 queuntium
1655 5841 1803 5898 coriarium.

1552 5929 1651 6013 (Sim.)
